2668 3924
357 199 499 255 CAUSAE
518 200 565 255 ΕΤ
584 199 706 257 culino
725 202 791 259 LIB.
810 201 845 257 V.
1045 207 1107 267 231

95 389 184 447 homo
213 386 245 444 in
274 339 377 444 neoto·
389 387 419 444 et
449 385 481 444 in
510 387 673 462 tranquillo
708 387 801 447 modo
825 388 955 464 eorporis
982 386 1029 446 sui
1056 388 1109 462 est,

95 480 168 536 tuno
198 475 289 536 etiam
321 474 408 534 urina
439 474 503 534 eius
529 475 691 534 seeundum
719 479 830 536 restam
855 475 1029 552 temperiem
1060 475 1108 534 de·

96 567 289 626 monstratur.

184 653 230 713 De
251 654 360 712 urinae
380 653 571 731 inspectione.
605 652 699 712 Urina
721 655 821 713 autem
836 653 946 712 infirmi
968 653 1005 712 ad
1021 653 1110 712 oonsi-

97 743 279 802 demtionem
291 741 442 817 sospitatis
457 745 510 802 aut
519 742 701 802 infirmitatis
712 742 898 819 suscipienda
909 745 961 817 θεὴ,
974 761 1042 802 oum
1056 742 1108 800 ille
1121 754 1136 798 ε

95 836 165 909 post·
177 831 387 890 dormitionem
398 831 529 908 evigilat,
545 833 626 908 qnod
640 832 727 890 urina
742 833 805 891 eius
820 835 894 892 tuno
909 834 987 891 reete
1002 834 1110 907 tempe·

95 924 162 980 rata
184 923 214 979 θὴ
234 921 367 980 colorata
389 923 435 979 θεὴ
456 922 618 980 seeundum
641 923 815 998 qualitatem
838 921 968 980 eiusdem
990 919 1109 980 infirmi.

62 1039 63 1046 θ
97 1008 174 1068 Nam
196 1027 265 1069 oum
287 1008 374 1068 homo
398 1009 515 1085 dormit,
541 1011 573 1068 in
597 1011 696 1086 quiete
723 1012 785 1070 sine
807 1011 870 1069 ulla
897 1010 1027 1069 motione
1058 1014 1110 1080 est,

97 1102 128 1158 et
150 1098 217 1158 ideo
239 1099 379 1157 humores
402 1100 433 1156 et
455 1099 554 1168 sudor,
590 1100 695 1175 quiin
719 1119 753 1159 eo
777 1104 854 1174 sunt,
877 1099 914 1158 ad
938 1098 1110 1176 qualitatem

95 1207 179 1248 suam
201 1192 333 1261 ourrunt,
357 1187 518 1246 seeundum
538 1189 619 1263 quod
633 1193 706 1248 tuno
720 1189 808 1248 homo
828 1207 859 1248 se
875 1189 999 1246 interius
1014 1185 1111 1246 habet.
1125 1194 1152 1240 10

99 1277 131 1336 si
164 1281 262 1336 eutem
292 1276 428 1335 infirmus
458 1276 586 1336 dormire
617 1297 676 1337 non
706 1282 818 1354 potest,
860 1281 933 1337 tuno
970 1277 1006 1336 ad
1043 1294 1111 1335 oon·

98 1366 307 1426 siderationem
330 1366 483 1440 qualitatis
505 1368 570 1426 eius
596 1367 684 1425 urina
706 1367 799 1442 ipsius
813 1367 999 1442 suscipiatur,
1022 1385 1111 1441 quam

98 1457 129 1514 in
152 1457 239 1514 noete
268 1455 388 1529 emittit,
413 1455 461 1514 vel
490 1475 580 1531 quam
608 1456 686 1515 eirea
712 1457 919 1532 crepusculum
946 1455 1005 1516 diei
1034 1455 1111 1529 eioit,

96 1544 176 1620 quod
197 1545 354 1620 temperies
375 1545 470 1603 noetis
492 1545 539 1604 vel
553 1545 718 1621 temperies,
742 1565 817 1622 quae
840 1545 917 1604 eires
931 1548 1033 1604 ortum
1053 1544 1112 1603 diei

94 1637 148 1709 θεὴ,
172 1635 319 1709 humores
343 1634 395 1709 qui
417 1634 516 1692 inille
531 1636 608 1706 sunt,
632 1634 817 1710 qualitatem,
840 1653 916 1710 quae
930 1634 962 1692 in
977 1634 1042 1710 ipso
1058 1636 1111 1704 θεὴ,
1125 1639 1152 1686 15
1171 1634 1172 1638 ’

97 1723 285 1799 aliquantum
307 1722 482 1796 composuit.

186 1811 231 1871 De
254 1817 352 1870 terroe
367 1813 571 1872 immobilitate
593 1814 622 1873 et
637 1813 792 1887 egestionis
807 1812 991 1872 discretione.
1022 1810 1113 1869 Terre

97 1904 197 1960 autem
220 1906 250 1960 et
272 1902 362 1960 limus
384 1901 552 1961 immobiles
573 1904 651 1977 sunt,
674 1902 717 1960 ita
741 1900 822 1977 quod
844 1901 881 1959 ab
905 1919 978 1958 aura
1000 1901 1112 1958 moveri

99 2009 158 2050 non
180 1994 317 2066 possunt3
348 1989 399 2048 sed
431 1991 618 2066 aliquantum
649 1990 770 2050 odorem
793 1990 942 2064 emittunt,
969 2007 1037 2049 oum
1060 1991 1111 2048 eut
1189 2025 1192 2036 ·

98 2079 201 2155 pluvia
231 2080 290 2138 iam
323 2077 473 2138 deseendit
501 2082 555 2138 eut
588 2098 656 2138 oum
689 2080 749 2137 iam
783 2079 814 2137 in
845 2079 979 2154 proximo
1009 2077 1153 2153 pluriam

99 2169 271 2228 descendere
294 2167 394 2240 debat;
417 2170 448 2226 et
468 2168 510 2227 sie
531 2168 567 2227 fit
588 2168 619 2226 in
641 2169 790 2246 egestione
813 2168 946 2228 hominis.
992 2165 1067 2225 Nem
1081 2167 1113 2226 in

100 2258 249 2334 egestione
268 2259 401 2333 perfeota
423 2257 507 2334 signe
528 2257 622 2318 vitam
648 2261 679 2317 et
700 2259 827 2317 mortem
848 2256 1113 2334 praesignifioentia

98 2348 236 2423 eognosei
258 2366 317 2407 non
339 2350 470 2423 possunt.
499 2348 579 2423 quod
603 2349 715 2424 egestio
742 2347 871 2406 hominis
896 2350 933 2406 ut
954 2349 1034 2405 terre
1055 2346 1109 2403 im-

99 2436 216 2496 mobilis
240 2440 292 2497 θεὴ.
323 2435 381 2495 Sed
402 2439 501 2494 tamen
523 2436 554 2494 in
577 2436 691 2495 foetore
713 2437 777 2495 eius
798 2437 862 2495 rita
885 2438 938 2494 aut
957 2453 1036 2494 more
1057 2434 1110 2493 ho·

100 2526 188 2584 minis
218 2525 405 2602 aliquantum
437 2525 563 2584 discerni
594 2529 700 2601 potest,
732 2525 784 2584 sed
812 2528 908 2584 tamen
939 2543 1006 2583 oum
1038 2523 1112 2582 diffi-
1125 2533 1153 2580 25

101 2615 213 2673 onitate
235 2618 266 2674 et
287 2633 366 2675 raro.
411 2615 552 2674 Attamen
580 2615 604 2673 si
634 2615 745 2691 egestio
772 2613 931 2673 seeundum
955 2616 1111 2672 eonsuetu-

98 2703 198 2761 dinem
220 2722 306 2762 suam
327 2704 458 2762 multum
481 2704 581 2775 foetet,
607 2705 644 2763 ut
666 2721 780 2780 semper
801 2703 911 2762 foetere
940 2701 1023 2772 solet,
1053 2721 1111 2760 non

98 2794 144 2851 θεὴ
165 2791 284 2867 signum
300 2793 412 2865 mortis,
435 2793 516 2869 quod
530 2793 627 2852 oelida
641 2793 767 2868 putredo
783 2793 814 2850 in
829 2793 941 2851 foetore
956 2791 1008 2850 illo
1024 2809 1110 2867 appa·

97 2889 156 2952 ret3
179 2881 204 2939 si
227 2885 325 2940 autem
348 2882 448 2940 eedem
472 2882 583 2959 egestio
605 2901 666 2941 non
681 2882 812 2940 multum
834 2881 929 2940 foetet
944 2882 974 2939 et
992 2881 1017 2940 si
1032 2880 1110 2939 idem

97 2971 203 3046 foetor,
239 2989 329 3045 quam
361 2973 434 3029 tune
466 2971 567 3046 habet,
602 2970 714 3030 alienus
749 2973 794 3030 est
825 2991 844 3029 a
877 2969 1111 3030 consuetudinali
1124 2979 1152 3025 eo

22 3131 23 3136 η
97 3060 222 3118 foetore:
246 3059 364 3135 signum
387 3061 492 3119 mortis
514 3063 565 3136 θεὴ,
600 3061 679 3134 quod
711 3060 791 3120 oalor
821 3060 853 3119 in
880 3060 1037 3136 putredine
1059 3060 1133 3119 illax

22 3213 23 3216 ,
97 3149 197 3208 defioit
227 3150 258 3207 θὴ
284 3147 425 3224 quoniam
452 3149 484 3208 in
514 3150 641 3209 alienum
674 3150 796 3208 modum
824 3167 926 3208 verens
959 3155 1010 3223 est,
1043 3167 1110 3207 oum

98 3239 188 3297 etiam
210 3237 350 3297 humores
365 3238 397 3296 in
412 3239 514 3298 eodem
527 3239 646 3298 homine
661 3238 755 3297 eversi
770 3242 847 3299 sunt.
879 3237 965 3308 Quod
981 3237 1006 3296 si
1021 3238 1111 3296 etiam

97 3328 161 3404 ipsa
184 3328 295 3405 egestio
317 3327 404 3404 nigra
433 3331 464 3386 et
489 3328 573 3386 eride
595 3330 648 3404 est,
680 3328 798 3405 signum
820 3328 925 3386 mortis
948 3329 1001 3402 eet,
1031 3326 1111 3402 quod

98 3417 272 3476 melancolia
293 3416 415 3475 eandem
438 3417 633 3493 digestionem
654 3417 686 3474 in
709 3415 892 3493 nigredinem
915 3418 945 3473 et
966 3415 997 3472 in
1021 3416 1108 3474 aridi·
1123 3425 1152 3470 35

100 3509 194 3566 tatem
217 3507 332 3574 evertit,
355 3505 408 3566 ubi
430 3506 570 3565 humores
586 3505 719 3566 eiusdem
734 3505 867 3564 homines
882 3504 919 3563 ad
935 3506 1060 3562 mortem
1082 3523 1112 3563 ae

100 3600 362 3672 praeparaverunt.
408 3594 439 3654 si
463 3598 563 3654 autem
591 3595 702 3673 egestio
729 3594 815 3672 nigra
842 3596 873 3652 et
898 3593 981 3651 arida
1008 3596 1053 3653 est
1081 3596 1111 3652 et

22 3663 24 3796 l
145 3752 151 3766 .
