2668 3924
222 171 284 228 222
607 161 853 218 HILDEGARDIS

220 351 250 408 et
273 347 461 423 aliquantum
484 347 637 423 aquatiles,
660 348 716 406 iste
740 348 802 407 sine
825 347 916 406 dubio
940 346 976 406 de
992 346 1165 407 infirmitate
1180 369 1234 409 non

219 437 408 512 convalescet,
433 435 482 496 sed
506 437 658 496 morietur.
704 434 780 495 Nam
808 436 888 513 quod
911 454 979 496 earo
1003 436 1090 496 faciei
1112 436 1235 498 hominis

219 526 309 585 huius
331 525 434 584 inflata
465 528 518 596 est,
553 525 609 585 hoe
633 526 668 584 de
692 525 813 585 diversis
835 525 960 584 infirmis
983 525 1161 586 humoribus
1185 533 1235 598 est,

220 614 272 691 qui
296 633 326 674 se
348 615 379 673 in
402 614 476 673 facie
510 614 592 674 illius
623 615 794 684 ostendunt;
826 614 907 690 qnod
939 617 1040 673 autem
1071 616 1150 674 oculi
1178 618 1238 676 eius

195 719 209 763 5
222 704 369 780 perlucidi
384 707 461 776 sunt,
485 707 522 762 nt
535 704 723 780 praedictum
746 707 798 778 est,
821 703 877 763 hoo
891 703 959 762 ideo
976 706 1028 778 est,
1046 706 1127 780 quod
1142 706 1238 764 anima

218 794 319 869 ignem
341 811 430 851 suum
453 793 484 850 in
507 793 615 852 eisdem
640 793 733 852 oculis
757 793 952 864 demonstrat3
981 793 1062 868 quod
1090 812 1161 853 varo
1185 796 1236 854 ali·

218 885 365 958 quantum
389 881 533 957 aquatiles
556 884 635 951 sunt,
662 881 719 940 hoe
746 881 813 940 ideo
837 884 889 953 eat,
917 881 999 957 qnod
1021 881 1099 958 ignis
1124 883 1237 943 animae

217 972 349 1030 flammas
373 989 440 1030 suas
464 969 500 1027 ad
524 971 635 1028 exitum
658 970 806 1046 producit,
831 970 912 1047 quod
928 969 964 1028 de
987 970 1091 1029 eodem
1114 990 1237 1050 corpore

218 1061 276 1120 cito
304 1061 419 1118 exitura
446 1063 498 1119 eat.
545 1058 603 1129 Qui
632 1063 732 1118 autem
760 1059 866 1118 faciem
893 1059 1081 1135 aliquantum
1103 1060 1239 1121 inflatam

177 1164 205 1209 10
217 1150 316 1223 habet,
339 1153 375 1206 ut
398 1147 546 1207 dormiens
568 1147 666 1223 homo,
689 1152 720 1207 et
742 1148 767 1207 si
790 1149 880 1207 etiam
903 1143 981 1206 oculi
1005 1148 1068 1207 eius
1090 1151 1238 1225 perlucidi

218 1243 297 1312 sunt,
320 1238 371 1296 sed
393 1248 492 1296 tamen
515 1237 659 1312 aquatiles
682 1257 740 1296 non
763 1242 840 1313 sunt,
863 1236 912 1296 hic
931 1237 962 1295 in
977 1257 1085 1314 magna
1100 1241 1239 1316 angustia

158 1331 162 1338 ’
218 1328 301 1386 etin
324 1345 430 1403 magno
454 1325 586 1400 periculo
610 1329 736 1386 mortem
759 1327 808 1386 vix
831 1326 949 1398 eradet3
975 1326 1078 1386 faeiem
1102 1327 1181 1386 enim
1195 1329 1237 1387 in·

217 1417 296 1474 firmi
318 1415 407 1474 huius
430 1415 501 1472 mali
523 1415 661 1475 humores
683 1416 794 1487 inflant,
822 1415 873 1474 sed
903 1415 983 1474 oculi
1006 1417 1068 1475 eius
1091 1417 1237 1492 perlucidi

217 1505 315 1581 ignem
353 1504 465 1562 anianae
494 1504 526 1563 in
549 1523 579 1563 se
611 1523 672 1563 esse
703 1505 916 1576 demonstrant,
949 1504 1001 1563 sed
1030 1505 1056 1563 si
1092 1507 1236 1582 aquatiles
1315 1503 1316 1528 ³

177 1607 203 1651 15
218 1613 277 1652 non
300 1596 378 1668 sunt,
401 1593 444 1651 ibi
466 1593 564 1651 anima
586 1594 717 1652 flammas
733 1612 800 1653 snas
816 1594 853 1652 ad
875 1593 987 1652 exitum
1011 1613 1072 1652 non
1086 1595 1233 1669 producit,

216 1682 267 1742 sed
290 1701 337 1740 eas
360 1681 396 1740 ad
419 1682 512 1741 vitam
535 1683 709 1742 reservando
731 1683 889 1746 subtrahit.

281 1773 326 1831 De
354 1773 431 1830 ottae
458 1772 552 1845 steno.
599 1771 685 1842 Quod
717 1773 741 1830 si
774 1772 852 1830 oculi
884 1771 947 1830 eius
981 1774 1051 1830 sunt
1081 1773 1233 1847 perlucidi,

215 1861 265 1920 aed
281 1861 467 1937 aliquantum
483 1845 597 1919 tu¹rbidi
613 1864 643 1919 et
658 1862 789 1919 multum
805 1860 957 1936 aquatiles,
974 1861 1033 1920 cito
1050 1862 1234 1921 convalescet

214 1953 244 2009 et
276 1951 363 2010 vivet.
409 1949 485 2008 Nam
517 1949 598 2026 quod
628 1950 707 2010 oculi
736 1949 847 2008 infirmi
878 1949 968 2009 huius
999 1950 1146 2025 perlucidi
1176 1970 1232 2011 non

172 2043 292 2114 nsunt,
316 2039 371 2098 hoo
392 2039 459 2097 ideo
484 2041 535 2113 est,
559 2040 699 2115 quoniam
723 2039 820 2096 anima
841 2039 939 2115 ignem
963 2057 1052 2098 suurn
1067 2039 1105 2097 ad
1121 2040 1231 2099 exitum

214 2129 244 2186 in
269 2146 318 2186 eos
340 2147 399 2186 non
423 2128 522 2200 misit3
544 2129 625 2203 quod
647 2145 718 2187 vero
741 2127 855 2186 turbidi
877 2131 954 2203 sunt,
977 2127 1034 2186 hoe
1064 2128 1100 2187 de
1131 2147 1231 2205 super·

214 2217 329 2275 fluitats
345 2217 496 2292 sanguinis
519 2220 570 2282 est.
594 2217 646 2292 qui
670 2235 699 2275 se
719 2217 762 2276 ibi
777 2217 815 2275 ad
830 2217 923 2277 vitam
940 2217 1082 2288 ostendit;
1106 2220 1137 2277 et
1152 2218 1231 2295 quod

213 2307 343 2364 multum
367 2306 511 2382 aquatiles
534 2310 612 2380 sunt,
643 2305 699 2364 hoe
727 2305 796 2364 inde
828 2308 878 2382 est,
910 2305 991 2382 quod
1020 2306 1098 2366 idem
1130 2325 1230 2384 super·
1314 2313 1315 2324 ¹

213 2397 291 2454 fluns
313 2396 433 2471 sanguis
456 2395 492 2453 de
515 2395 678 2470 spumando
700 2412 730 2453 se
752 2397 863 2472 purgat
892 2396 923 2454 et
948 2394 1047 2454 tabem
1074 2395 1110 2454 de
1139 2415 1169 2456 se
1197 2396 1232 2455 ad
1314 2405 1315 2448 1

172 2485 306 2544 unitam
329 2484 447 2547 emittit.
1314 2488 1315 2515 ¹

280 2574 324 2632 Dc
345 2575 452 2633 mortis
474 2575 570 2648 eique.
615 2572 714 2631 Homo
738 2572 836 2648 etiam,
860 2574 913 2648 qni
935 2590 1051 2648 semper
1065 2573 1097 2632 in
1113 2593 1229 2636 consue·

212 2662 316 2721 tudine
339 2662 454 2738 sapiens
478 2667 507 2721 et
529 2662 660 2738 prudens
683 2662 751 2736 fuit,
775 2680 842 2720 cum
857 2680 945 2721 sanna
960 2663 991 2720 in
1007 2680 1130 2738 corpore
1145 2667 1228 2736 esset,

212 2752 236 2809 si
270 2751 327 2810 iste
356 2750 528 2810 infirmitate
561 2752 681 2827 desipit,
711 2756 748 2810 ut
778 2750 879 2822 homo,
911 2751 965 2826 qui
994 2751 1025 2809 in
1056 2755 1155 2812 mente
1177 2771 1228 2813 sua

213 2840 372 2899 exterritus
387 2843 477 2899 estet
498 2841 530 2898 in
553 2840 653 2898 eadem
668 2840 836 2917 insipientia
851 2841 1054 2915 permanserit,
1077 2843 1231 2916 morietur,

172 2939 200 2985 30
215 2932 244 2988 et
266 2947 326 2987 non
349 2928 438 2988 vivet.
485 2928 571 2999 Quod
594 2929 672 2988 enim
695 2930 750 2988 iste
772 2930 803 2987 in
827 2930 1040 2988 consuetudine
1063 2931 1180 3005 sapiens
1202 2934 1231 2990 et

213 3016 344 3093 prudens
360 3017 427 3089 fuit,
451 3017 508 3078 hoc
524 3019 608 3077 velut
622 3020 658 3077 de
673 3019 777 3092 pennis
792 3019 1001 3078 rationalitatis
1021 3019 1137 3079 animae
1153 3024 1229 3090 erat3

214 3107 267 3182 qui
290 3107 362 3165 dum
394 3106 425 3164 in
460 3106 629 3166 infimitate
663 3106 810 3166 stabiliter
845 3108 960 3182 desipit,
993 3109 1091 3167 anima
1123 3128 1230 3184 pennas

213 3195 426 3255 rationalitatis
450 3196 600 3255 subtrahit
622 3199 653 3255 et
675 3215 705 3255 se
729 3196 900 3255 aderitum
923 3200 1087 3273 praeparat

280 3286 325 3344 Dc
348 3285 424 3344 citae
446 3286 540 3360 eiquo.
587 3285 645 3356 Qui
660 3289 759 3344 autem
776 3304 890 3361 semper
913 3287 1028 3361 sapiens
1050 3290 1080 3345 et
1102 3287 1230 3361 prudens

169 3385 198 3430 35
214 3375 249 3433 de
282 3375 386 3448 pennis
418 3375 627 3435 rationalitatis
659 3375 773 3434 animae
803 3374 870 3451 fnit,
900 3393 968 3434 cum
999 3393 1087 3434 sanus
1110 3377 1230 3448 eratsi
1313 3415 1314 3434 1

214 3462 350 3522 infirmus
374 3464 504 3523 inlecto
528 3461 645 3540 desipit,
669 3465 766 3523 anima
789 3464 820 3522 in
843 3463 1076 3522 rationalitatem
1093 3465 1179 3539 quasi
1194 3466 1230 3524 de
1313 3491 1314 3546 3

213 3552 276 3613 vita
301 3571 331 3612 se
353 3553 517 3626 subtrahit3
549 3556 579 3612 et
610 3555 635 3612 si
657 3556 730 3612 tuno
753 3553 857 3612 deinde
879 3553 911 3610 in
934 3551 1034 3611 eadem
1056 3552 1229 3614 infirmitate
