2668 3924
364 138 506 194 causas
525 139 571 194 ur
590 139 711 196 cusas
730 143 797 222 mp.
816 141 849 196 v.
1050 150 1113 209 225

17 325 18 412 ᾗ
100 281 167 382 alba
189 327 246 395 est,
272 328 308 382 ut
330 324 467 383 ebullitio
490 287 559 384 novi
582 327 686 400 musti,
712 329 742 384 et
765 327 865 403 spisso,
887 330 923 386 ut
945 329 1049 387 vinum
1072 331 1117 388 est

17 435 18 454 ε
102 413 138 472 de
160 417 256 488 motu,
280 430 347 471 cum
371 413 500 477 ducitur.
545 413 621 473 Nam
644 415 725 491 quod
748 415 845 492 frigus
867 420 898 476 et
919 417 1063 493 paralysis
1085 418 1116 475 in

100 521 134 560 eo
164 520 281 578 semper
307 502 339 560 in
373 509 459 562 motu
486 507 568 574 sunt,
600 503 667 563 ideo
699 505 786 563 urina
815 506 878 564 eius
909 508 946 565 ut
979 506 1115 566 ebullitio

100 592 193 650 musti
216 591 283 651 alba
306 594 337 650 et
359 592 453 668 spissa
475 596 528 665 est,
551 611 620 652 cum
643 593 819 655 infirmatur.
848 593 924 654 Nam
947 595 983 654 de
1005 595 1116 673 frigore

99 680 166 739 alba
189 682 245 752 est,
275 681 416 757 quoniam
439 683 520 742 calor
542 690 595 740 aut
617 682 758 741 ruborem
789 686 842 742 aut
868 683 960 742 alium
987 685 1142 745 colorem5

100 770 206 828 urinae
232 770 337 845 infert,
366 772 397 828 et
424 771 517 846 spissa
544 777 600 843 est,
619 772 770 847 .quoniam
797 771 936 832 humores
958 773 988 830 in
1013 774 1113 832 eodem

99 858 218 917 homine
229 859 373 920 destructi
389 862 458 918 sunt
472 879 525 920 nec
539 865 654 920 rectum
668 861 727 921 iter
741 860 856 932 habent,
867 863 1115 938 quemadmodum

101 965 170 1007 cum
206 966 284 1024 aqua
321 949 354 1007 in
390 950 528 1024 procellis
566 951 693 1012 inundat
734 953 765 1009 et
805 951 992 1026 inspissatur3
1033 954 1063 1010 et
1089 953 1114 1010 si

17 1045 18 1048 ’
102 1037 270 1097 moliturus
299 1039 356 1113 est,
391 1041 463 1096 tuno
493 1039 655 1113 spissitudo
687 1040 789 1098 urinae
823 1040 886 1098 eius
916 1040 954 1098 ad
987 1039 1114 1100 fundum

102 1127 190 1199 cadit,
219 1127 361 1204 quoniam
388 1126 527 1186 humores
553 1128 585 1186 in
608 1129 711 1187 eodem
734 1128 851 1188 homine
873 1147 903 1188 se
926 1133 1063 1205 separant
1084 1134 1114 1188 et
1128 1139 1155 1183 ro

17 1245 18 1250 1
100 1234 131 1274 se
159 1216 196 1275 ad
225 1219 352 1275 mortem
374 1220 565 1293 praeparant,
594 1220 624 1275 et
646 1217 747 1276 eadem
771 1218 856 1276 urina
879 1219 1016 1295 superius
1038 1238 1114 1295 pura

101 1308 246 1381 remanet,
281 1306 363 1381 quod
395 1306 465 1366 tabo
499 1325 517 1364 a
549 1307 692 1383 sanguine
726 1310 870 1383 separata.
893 1310 949 1379 est3
984 1313 1013 1368 et
1043 1307 1113 1367 tabo

101 1395 237 1471 superior
265 1397 322 1470 est,
357 1397 388 1453 et
417 1394 539 1472 sanguis
573 1394 611 1454 ad
642 1396 770 1454 fundum
801 1396 882 1456 cadit
915 1399 1006 1474 atque
1021 1398 1114 1460 ,inter

17 1535 19 1550 ‚
101 1484 285 1560 superiorem
313 1483 475 1559 puritatem
497 1486 529 1542 et
548 1484 717 1544 inferiorem
741 1485 962 1561 spissitudinem
985 1491 1029 1546 est
1050 1487 1114 1564 ipsa

101 1578 138 1632 ut
159 1572 337 1650 infrigidata
359 1593 448 1649 aqna,
477 1592 553 1649 quae
576 1575 635 1632 cito
658 1574 875 1651 congelabitur,
904 1578 935 1634 et
957 1579 1002 1635 est
1024 1577 1114 1635 etiam
1127 1586 1154 1630 15

17 1713 18 1718 ,
101 1665 138 1720 ut
164 1663 224 1720 iam
252 1661 357 1721 cadens
381 1662 443 1738 uix,
474 1663 555 1738 quod
578 1683 596 1720 a
618 1681 649 1722 se
676 1662 713 1720 ab
735 1663 860 1722 invicem
888 1663 961 1724 bene
988 1664 1114 1724 discerni

17 1817 18 1826 ¹
101 1755 233 1826 possunt,
242 1751 322 1828 quod
332 1750 439 1828 flegma
451 1756 503 1826 est,
515 1753 787 1828 quodsicutrecens
796 1753 904 1830 glacies
913 1752 1113 1830 infrigidatur,

17 1849 18 1886 f
102 1846 132 1899 et
167 1840 248 1916 quod
279 1841 357 1899 sicut
391 1841 441 1898 nix
479 1841 643 1900 exsolvitur
673 1842 722 1901 vel
752 1841 890 1916 siccatur,
930 1842 1069 1918 quoniam
1096 1862 1113 1900 a

101 1930 245 2006 sanguine
263 1932 293 1988 et
308 1929 345 1989 ab
360 1928 536 1989 humoribus
551 1931 714 2006 separatur.
748 1931 788 1989 m
809 1930 880 1990 haeo
902 1931 986 2008 signa
1009 1932 1113 1992 mortis

102 2028 181 2095 sunt,
203 2019 288 2079 velut
303 2020 392 2077 etiam
407 2021 582 2080 montuosae
598 2021 628 2077 et
646 2020 745 2079 variae
768 2038 801 2078 ac
823 2021 926 2098 nigrae
948 2023 979 2079 et
1000 2021 1113 2098 griseae
1125 2028 1153 2074 ao

101 2109 194 2168 nubes
218 2112 424 2183 tempestatem
448 2127 534 2184 saepe
557 2108 721 2186 designant.
765 2108 852 2180 Quod
874 2110 900 2168 si
921 2127 974 2169 nec
995 2111 1113 2186 puritas

101 2215 156 2257 nec
176 2197 337 2274 spissitudo
361 2215 415 2257 nec
437 2197 554 2256 utiam
576 2215 676 2256 recens
698 2203 729 2257 et
750 2197 924 2274 imperfecta
946 2199 1112 2277 congelatio

101 2305 154 2346 nec
183 2289 218 2346 ut
250 2286 308 2345 iam
337 2286 441 2345 cadens
474 2287 525 2344 nir
551 2287 712 2361 qualitates
743 2287 874 2347 eiusdem
900 2288 1004 2347 urinae
1035 2308 1054 2347 a
1082 2307 1112 2348 se

100 2374 277 2452 singillatim
292 2379 444 2451 separatae
459 2379 537 2447 sunt,
552 2378 590 2434 ut
603 2375 788 2452 praedictum
804 2382 858 2452 est,
874 2376 926 2436 sed
940 2377 966 2436 si
987 2377 1112 2436 invicem

102 2465 160 2524 sibi
186 2465 375 2524 intermixtae
408 2467 490 2537 sunt,
521 2465 565 2523 ita
595 2465 676 2540 quod
699 2466 874 2544 singillatim
897 2465 1022 2525 discerni
1052 2485 1112 2525 non
1125 2474 1153 2521 25

101 2557 239 2629 possunt:
266 2554 349 2613 vivet
377 2557 407 2612 et
435 2553 629 2626 convalescet3
658 2555 743 2614 velut
770 2573 895 2632 magnae
922 2558 1112 2630 tempestates

101 2659 160 2700 non
176 2645 270 2718 erunt,
291 2661 359 2703 cum
375 2644 511 2718 aequales
525 2641 618 2702 nubes
632 2644 664 2701 in
680 2645 761 2703 caelo
783 2644 947 2720 aequaliter
962 2650 1111 2721 apparent.

101 2728 177 2789 Nam
203 2730 272 2790 tabo
299 2736 331 2792 et
357 2732 478 2809 sanguis
505 2751 538 2791 ao
565 2733 673 2809 flegma
699 2735 731 2792 ia
758 2733 859 2792 eodem
881 2733 999 2793 homine
1022 2733 1112 2793 simul

103 2820 260 2880 coniuncta
281 2823 365 2891 eunt,
394 2825 424 2879 et
445 2821 511 2880 ideo
534 2823 622 2882 homo
644 2822 697 2881 ille
718 2826 791 2881 tunc
813 2841 871 2882 non
893 2823 1034 2900 moritur,
1060 2823 1111 2883 sed

99 2910 126 2968 si
148 2909 178 2968 in
203 2909 304 2968 eadem
326 2910 413 2968 urina
436 2910 552 2970 modios
573 2911 689 2986 puritas
717 2913 854 2988 superius
881 2913 1056 2989 apparuerit
1082 2915 1153 2972 etto

99 2999 217 3058 nullum
249 2998 367 3075 signum
395 2999 480 3074 quasi
506 2999 567 3058 iam
593 3000 698 3060 cadens
725 3001 787 3073 nix,
819 3005 891 3060 tuno
916 3002 996 3061 idam
1023 3002 1111 3062 homo

99 3089 230 3148 multum
263 3087 343 3147 dolet
376 3094 407 3146 et
435 3089 485 3148 vix
518 3091 646 3148 mortem
674 3090 791 3166 evadet,
829 3090 975 3166 quoniam·
996 3091 1066 3152 tabo
1094 3111 1127 3150 a·

98 3177 242 3254 sangnine
259 3179 289 3235 et
304 3196 321 3234 a
336 3176 472 3255 flegmate
487 3177 523 3236 ad
538 3178 660 3254 plenum
675 3179 805 3255 separari
825 3198 884 3238 non
902 3183 1009 3255 potest,
1030 3181 1112 3257 quod

99 3267 216 3326 modica
239 3265 357 3341 puritas
385 3265 520 3342 superior
551 3272 609 3344 est,
643 3287 711 3326 cum
746 3268 822 3327 nulli
849 3269 954 3342 plecta
986 3269 1111 3329 inferius

100 3355 248 3417 videntur.
292 3355 333 3414 llt
360 3351 402 3415 sic
430 3354 517 3414 bomo
545 3357 597 3415 ille
619 3357 708 3419 rivet.
755 3355 813 3426 Qui
836 3361 934 3415 autem
958 3363 1059 3419 acutas
1081 3362 1111 3418 et
1124 3369 1151 3414 35

98 3445 190 3504 fortes
202 3443 298 3504 febres
310 3444 407 3520 habet,
424 3445 513 3503 huius
528 3446 615 3504 urina
630 3445 666 3504 de
682 3447 787 3504 ardore
803 3446 943 3506 ferventis
958 3449 1110 3525 sanguinis

99 3534 191 3594 rubea
225 3537 255 3594 et
285 3535 378 3610 spissa
412 3538 468 3609 est,
511 3534 591 3610 quod
624 3539 748 3612 propter
777 3534 933 3594 rubentem
964 3536 1110 3597 fervorem

152 3643 310 3699 Hildegardis
325 3654 412 3690 causae
428 3644 453 3687 et
467 3654 539 3688 curae
553 3643 588 3687 ad⁴
603 3643 721 3688 Kaisar.
954 3638 986 3692 lb
