2662 3932
192 145 233 204 74
579 124 823 192 maurannus

192 323 230 382 ad
254 321 377 382 feminas
400 320 497 380 sobrie
522 319 662 378 deberent
684 317 805 392 babere,
832 320 970 376 tortuosa
993 321 1085 394 atque
1109 318 1215 378 odiosa
1322 327 1323 348 ¹

192 414 224 470 et
247 410 401 470 mortifera
422 412 468 468 est
489 408 574 468 velut
592 407 767 484 rapidorum
781 407 932 483 luporum.
964 405 1093 477 Quidam
1108 410 1213 466 autem
1322 435 1323 438 ¹

192 519 227 559 ex
249 499 316 558 istis
338 501 461 576 propter
483 497 575 557 fortes
598 515 686 557 venae
709 499 739 556 et
761 499 884 572 propter
906 495 1070 556 medullam
1086 496 1214 556 fortiter

191 589 222 647 in
244 607 274 648 se
298 588 449 647 ardentem
470 587 597 647 libenter
619 602 689 646 eum
715 584 832 644 feminis
854 584 1016 644 seeundum
1044 585 1215 644 humanam

163 680 331 736 enatarem
353 681 432 749 sunt,
454 676 505 736 sed
527 680 626 735 tamen
648 693 696 734 eas
719 674 788 734 odio
804 673 922 736 habent.
953 673 1081 745 Quidam
1107 678 1217 734 autem

190 766 352 826 femineum
374 785 477 826 sexum
500 765 633 824 devitare
655 766 788 840 possunt,
813 762 885 839 quia
907 763 1032 823 feminas
1055 782 1115 824 non
1140 763 1214 822 dili·

190 859 267 934 gunt
292 874 347 916 nee
373 875 422 916 eas
451 854 558 914 habere
589 853 709 924 volunt,
740 853 792 912 sed
823 852 855 910 in
887 851 1026 911 cordibus
1055 852 1117 912 suis
1147 855 1217 912 tam

190 963 270 1005 aeres
287 949 357 1004 sunt
371 948 408 1004 ut
427 946 535 1014 leonae,
559 945 589 1001 et
611 960 708 1001 mores
730 959 872 1000 ursorum
887 941 1011 1014 babent;
1035 940 1086 1000 sed
1108 944 1217 1004 tamen

189 1035 280 1094 utiles
312 1037 342 1093 et
370 1033 531 1110 prudentes
563 1034 634 1090 sunt
665 1031 697 1090 in
728 1030 869 1107 operibus
903 1049 1048 1089 manuum
1085 1048 1217 1090 auarum

150 1133 178 1178 ιο
191 1127 282 1199 atque
303 1123 432 1182 libenter
447 1124 617 1197 operantur.
655 1118 770 1180 Ventus
793 1123 893 1178 autem
916 1118 1130 1192 delectationis,
1157 1120 1217 1197 qui

190 1213 222 1271 in
245 1212 306 1272 duo
328 1211 519 1272 tabernacula
540 1209 763 1286 praedictorum
779 1209 914 1268 virorum
929 1208 1018 1284 eadit,
1041 1211 1128 1268 tanta
1152 1210 1212 1270 im·

191 1301 393 1360 moderatione
416 1303 446 1359 et
468 1303 529 1358 tem
552 1299 707 1375 repentino
731 1301 818 1358 motu
839 1297 929 1373 venit,
953 1298 1214 1374 quemadmodum

189 1393 310 1460 ventus,
342 1389 396 1466 qui
417 1392 512 1448 totam
537 1388 659 1448 domum
685 1390 807 1464 repente
835 1390 866 1447 et
888 1386 1008 1446 fortiter
1030 1391 1148 1462 movet,
1184 1394 1216 1448 et

190 1479 314 1554 stirpem
330 1477 362 1538 in
376 1481 460 1537 tanta
482 1477 641 1554 tyrannide
656 1478 754 1554 erigit,
778 1476 859 1552 quod
882 1475 985 1535 eadem
1011 1476 1109 1552 stirps,
1135 1496 1215 1553 quae

150 1579 177 1624 15
190 1568 221 1626 in
260 1567 363 1627 florem
400 1567 505 1626 florere
526 1567 687 1642 debebat,
724 1567 755 1624 in
793 1566 983 1626 aeerbitstem
1020 1566 1214 1641 vipereorum

189 1675 306 1716 morum
321 1675 351 1716 se
367 1658 521 1733 intorquet
537 1660 567 1715 et
582 1656 613 1715 in
629 1655 803 1715 huiusmodi
818 1655 933 1714 malitie
949 1653 1033 1715 velut
1055 1654 1214 1714 mortifera

189 1749 219 1804 et
241 1745 374 1805 ooeidens
397 1743 501 1822 vipera
529 1745 561 1806 in
588 1745 729 1823 progenie
758 1764 812 1804 sua
834 1743 981 1803 malitiam
1003 1742 1106 1819 babet,
1140 1745 1216 1820 quia

188 1835 341 1912 suggestio
368 1835 482 1895 diaboli
510 1834 543 1894 in
574 1835 698 1895 libidine
727 1834 863 1894 virorum
894 1834 1023 1892 istorum
1055 1832 1099 1891 ita
1126 1832 1214 1909 furit,

188 1928 232 2000 ut,
255 1924 280 1984 si
302 1928 434 2001 possent,
458 1925 598 1984 feminam
621 1924 654 1982 in
677 1923 884 1984 ooniunotione
911 1922 965 1982 hae
988 1921 1212 1994 mortifioarent‚

147 2014 332 2090 aequoniam
358 2015 441 2074 nulla
468 2033 558 2090 opera
587 2013 721 2073 caritatis
743 2017 773 2074 et
796 2012 987 2089 amplexionis
1011 2011 1042 2070 in
1065 2011 1107 2070 eis
1130 2015 1211 2074 sunt.

188 2102 272 2162 Unde
294 2103 350 2162 filii
373 2107 425 2162 aut
447 2102 534 2177 tibae,
558 2121 633 2178 quos
657 2103 700 2162 sie
722 2101 758 2162 de
779 2121 809 2162 se
824 2101 1005 2179 producunt,
1029 2100 1211 2160 multotiens

188 2191 362 2252 diabolicam
389 2192 533 2250 insaniam
560 2192 590 2250 in
618 2191 701 2250 vitiis
728 2195 759 2250 et
785 2191 817 2249 in
844 2190 977 2250 moribus
999 2189 1062 2249 suis
1084 2189 1207 2262 habent,

188 2280 328 2356 quoniam
359 2281 471 2356 absque
503 2281 627 2340 earitate
656 2281 755 2340 emissi
786 2284 865 2340 sunt.
910 2277 986 2338 Nam
1016 2278 1071 2355 qui
1100 2278 1136 2338 de
1159 2277 1207 2338 his

187 2373 358 2441 naseuntur,
373 2388 458 2446 saepe
474 2369 605 2430 infelices
620 2373 709 2428 erunt
724 2373 755 2430 et
771 2368 900 2430 tortuosi
914 2369 946 2427 in
962 2367 1100 2427 omnibus
1116 2368 1206 2428 mori-

146 2471 174 2516 ⁴25
188 2458 243 2517 bus
258 2459 328 2534 suis,
352 2462 382 2518 et
403 2459 470 2518 ideo
486 2459 522 2518 ab
539 2458 709 2518 hominibus
724 2459 817 2518 amari
833 2477 891 2518 non
906 2460 1041 2533 possunt,
1064 2475 1119 2517 nee
1141 2457 1201 2533 ipsi

187 2548 367 2608 mansionem
405 2567 475 2608 oum
512 2547 682 2606 hominibus
718 2548 845 2607 libenter
885 2547 1013 2622 habent,
1060 2545 1202 2622 quoniam

188 2638 292 2696 multis
315 2637 540 2698 fantasmatibus
560 2637 735 2714 fatigantur.
763 2636 795 2695 Si
817 2639 917 2696 autem
940 2654 1009 2694 eum
1031 2634 1203 2694 bominibus

188 2731 318 2799 manent,
352 2726 421 2786 odio
453 2730 483 2785 et
510 2726 623 2786 invidia
657 2729 687 2785 et
715 2725 861 2802 perversis
892 2725 1025 2784 moribus
1058 2743 1128 2784 eum
1160 2724 1203 2784 eis

189 2819 267 2890 sunt,
292 2819 322 2874 et
344 2817 462 2875 nullum
485 2815 631 2893 gaudium
652 2833 721 2876 eum
744 2815 786 2874 eis
808 2812 926 2874 habent.
962 2813 1090 2885 Quidam
1106 2817 1205 2874 tamen

148 2913 176 2960 30
190 2923 225 2962 ex
248 2904 294 2963 his
315 2905 379 2964 nati
402 2905 563 2981 prudentes
586 2908 617 2963 et
638 2905 728 2964 utilas
750 2903 900 2962 interdum
922 2904 1008 2978 fiunt,
1032 2902 1084 2962 sad
1106 2907 1206 2962 tamen

188 2994 220 3052 in
236 2993 338 3053 eadem
353 2994 562 3053 utilitatatem
578 3012 683 3070 graves
698 2997 730 3053 et
748 2993 911 3052 contrarios
924 3010 1021 3052 mores
1039 2991 1207 3063 ostendunt,

190 3083 271 3158 quod
287 3083 355 3142 inde
370 3102 423 3143 nee
445 3083 533 3160 diligi
556 3101 610 3142 nee
633 3082 774 3142 honorari
796 3085 931 3159 possunt,
954 3082 1039 3141 velut
1061 3080 1206 3158 ignobiles

189 3172 314 3247 lapidea,
349 3173 403 3248 qui
434 3173 496 3232 sine
532 3172 629 3232 nitore
662 3172 771 3246 iaeent,
803 3171 888 3248 quasi
922 3170 1045 3233 extincti
1071 3170 1145 3246 sint,
1177 3174 1207 3228 et

190 3261 243 3337 qui
258 3261 336 3321 inter
351 3262 479 3321 nitentes
493 3259 606 3339 lapides
621 3280 680 3320 non
696 3261 874 3338 diliguntur,
891 3259 1032 3337 quoniam
1047 3259 1205 3336 pulchrum

148 3361 177 3408 35
191 3350 320 3412 nitorem
342 3370 401 3411 non
423 3350 542 3412 habent.

260 3441 306 3501 De
327 3442 510 3516 dogmaticis.
556 3439 614 3500 Sed
636 3443 667 3500 et
689 3439 741 3498 alii
762 3439 887 3498 maseuli
910 3442 993 3515 sunt,
1018 3437 1072 3513 qui
1094 3437 1204 3514 pingue
1317 3456 1320 3477 ¹

193 3531 348 3590 cerebrum
379 3533 409 3590 et
438 3531 542 3590 album
572 3533 602 3592 et
633 3533 745 3590 siooum
773 3529 896 3604 babent,
928 3528 971 3586 ita
1002 3527 1084 3603 quod
1117 3526 1203 3585 etiam
1318 3500 1321 3573 ἶ
