2662 3932
389 105 529 162 crusni:
548 106 594 164 ΕΤ
612 105 735 161 GURAE
753 107 821 164 LIB.
838 107 872 164 11.
1073 113 1136 174 119
1250 57 1255 68 ⁸

107 293 215 352 etiam
237 292 327 352 home
350 309 441 368 supra
463 290 585 351 modum
607 291 664 351 sibi
686 293 794 368 potum
808 291 973 367 subtrahat,
996 292 1138 368 qnoniam

106 383 140 442 si
167 382 202 442 in
226 381 405 441 abstinentia
418 384 509 456 potn's
524 380 687 442 aridumue
702 381 814 456 feeerit,
837 381 1016 459 munitatem
1031 382 1138 443 mentis

106 475 147 531 et
172 471 312 546 eorporis
332 469 400 530 inde
422 469 558 531 ineurrit.
594 467 655 530 Nee
677 469 743 545 eibi,
767 487 843 546 quos
868 471 1006 542 eomedit,
1029 470 1138 532 bonnm
1261 475 1264 480 '

108 561 323 638 digestionem
336 577 389 619 nee
411 560 569 619 sanitatem
591 559 724 634 eorporis
747 559 774 618 ei
795 559 921 619 interius
940 559 1050 619 inferre
1068 577 1136 636 pos·

107 653 201 724 sunt,
224 649 310 710 velut
331 649 422 708 etiam
448 652 528 709 terre
559 649 659 726 gravis
686 650 717 711 et
744 648 820 708 dura
849 651 880 707 et
906 648 991 708 arida
1019 649 1054 708 fit
1085 660 1165 709 neos

108 738 216 800 bonos
239 739 357 798 numus
379 737 473 813 effert,
496 738 522 797 si
544 738 726 798 humectatio
749 737 869 814 pluviae
891 737 919 797 ei
941 736 1138 798 subtrahitur,

111 827 200 888 Oum
237 830 337 888 antem
370 830 474 887 venter
504 826 633 886 hominis
667 826 740 886 cibis
782 829 812 886 et
844 825 966 902 petibus
995 826 1137 903 inpletur,

109 935 240 978 neeesse
263 919 316 991 est,
339 918 375 974 ut
395 915 605 994 purgationem
628 915 800 993 digestionis
822 914 936 978 habeat.

187 1007 239 1066 De
260 1007 435 1068 reluminare.
481 1002 555 1064 (lnm
581 1009 672 1065 venes
702 1003 830 1064 heminis
862 1004 1005 1082 sanguine
1032 1005 1138 1081 plenae

110 1099 205 1170 snnt,
239 1094 366 1154 anexio
392 1093 486 1154 livore
514 1096 544 1154 et
574 1093 611 1153 nb
637 1094 761 1154 humere
789 1093 962 1170 digestionis
988 1113 1059 1154 suae
1084 1112 1138 1169 per
1152 1103 1180 1149 10

110 1184 296 1244 ineisionem
333 1184 458 1260 purgari
493 1183 609 1248 debent.
662 1182 738 1244 (inm
771 1185 872 1242 antem
903 1202 979 1242 vena
1011 1182 1138 1244 hominis

109 1272 276 1344 insiditur,
300 1273 421 1350 sangnis
443 1273 507 1332 eins
531 1272 616 1350 qnasi
639 1273 793 1348 repentino
821 1290 932 1349 pavore
959 1272 1138 1348 ementitur,

113 1367 149 1423 et
173 1361 260 1438 qnod
286 1364 358 1422 tune
388 1361 519 1436 primum
542 1362 703 1439 egreditur,
726 1361 847 1439 sanguis
872 1363 926 1437 est,
957 1365 988 1421 et
1009 1361 1138 1438 putredo

104 1457 148 1512 et
177 1450 309 1528 digestio
335 1451 487 1528 sanguinis
516 1450 606 1511 simul
634 1453 784 1526 emanant,
817 1453 848 1510 et
874 1450 941 1510 ideo
964 1451 1046 1528 qnod
1067 1453 1139 1511 tune

112 1543 242 1601 emanet
264 1539 363 1600 varies
385 1540 496 1601 eelores
518 1540 614 1616 habet,
638 1539 778 1616 qnoniam
799 1537 883 1600 tabes
898 1543 929 1599 et
943 1540 1063 1618 sangnis
1085 1543 1138 1600 est
1152 1549 1179 1594 15

111 1629 209 1689 Unde
241 1632 400 1705 postquem
433 1630 516 1691 tobes
545 1647 615 1690 oum
644 1629 787 1706 sangnine
821 1629 1015 1704 emanaverit,
1045 1647 1139 1706 purus

111 1717 244 1796 sangnis
275 1717 441 1796 egreditur,
477 1721 508 1778 et
537 1722 610 1778 tune
640 1738 658 1777 a
686 1717 851 1776 minutione
881 1717 1054 1777 eessandnm
1086 1722 1139 1780 est.

113 1807 183 1879 Qui
214 1810 315 1867 antem
347 1808 520 1886 sangninem
546 1809 578 1866 in
605 1826 681 1868 vena
702 1807 823 1876 minuit,
856 1809 929 1866 tune
950 1806 975 1864 si
997 1824 1086 1866 senus
1108 1811 1139 1866 et

113 1897 211 1958 fortis
233 1913 356 1972 eorpore
378 1899 431 1973 est,
454 1916 523 1956 eum
544 1897 582 1956 ad
603 1913 771 1956 mensnram
793 1895 869 1954 hene
890 1895 1018 1967 minuat,
1037 1913 1139 1971 enam

114 1985 213 2047 fortis
243 1988 274 2044 et
302 1984 405 2046 sitiens
435 1987 481 2045 vir
510 2005 570 2046 nno
600 1989 700 2046 treetn
729 1983 842 2045 halitus
873 1984 905 2043 in
932 2001 1010 2060 aqna
1037 1983 1138 2044 bibere
1151 1991 1179 2038 20

115 2076 232 2154 potest.
276 2073 362 2146 Quod
389 2075 415 2134 si
445 2071 553 2136 debilis
579 2093 702 2150 eerpere
730 2077 787 2150 est,
818 2076 891 2132 tune
913 2073 1085 2150 sauguinem
1106 2074 1138 2134 iu

116 2183 199 2224 vena
221 2163 260 2222 ad
282 2181 449 2223 mensnram
471 2164 547 2224 hune
568 2165 693 2240 minuet
717 2182 793 2240 qnae
816 2181 905 2223 ovum
927 2165 1025 2222 reetae
1038 2162 1137 2222 mode·

115 2252 247 2313 rationis
276 2252 425 2312 inelndere
451 2256 559 2328 potest.
607 2248 689 2316 Nam
715 2252 843 2312 minutio
868 2252 1032 2328 sanguinis,
1062 2271 1139 2328 quae

118 2360 216 2419 supra
247 2341 371 2402 modum
402 2343 449 2414 fit,
484 2359 591 2418 eorpus
625 2342 773 2412 debilitet,
808 2340 887 2400 sieut
919 2343 950 2400 et
982 2341 1138 2402 inundatio

118 2431 304 2508 pluviarum,
327 2450 403 2507 ques
426 2432 489 2491 sine
511 2431 712 2491 moderatione
732 2449 823 2506 supra
837 2433 947 2490 terram
963 2428 1051 2506 eadit,
1074 2448 1137 2489 eam
1151 2437 1178 2484 25

119 2519 224 2582 laedit.
259 2519 316 2578 Illa
338 2524 439 2581 entem
461 2520 598 2592 minutio,
622 2539 698 2596 quae
720 2522 800 2580 reeta
821 2518 856 2576 fit
878 2537 1022 2595 mensura,
1045 2518 1138 2578 malos

119 2611 264 2669 humores
287 2609 437 2669 antestet
459 2627 568 2685 eorpus
591 2611 685 2684 enrat,
710 2607 961 2685 quemadmodum
983 2609 1013 2666 et
1027 2607 1137 2683 pluvia,

119 2716 201 2775 qnae
223 2698 369 2773 paulatim
397 2701 427 2758 et
453 2698 603 2758 moderate
630 2717 722 2775 snper
746 2701 858 2758 terram
885 2696 977 2768 eadit,
1008 2715 1073 2756 eam
1096 2696 1137 2755 in·

119 2786 219 2846 undat
241 2791 272 2848 et
293 2787 441 2848 sulubrem
465 2787 502 2846 nd
524 2787 748 2864 predneendum
770 2787 886 2846 fruetus
909 2786 989 2846 feeit.

190 2876 237 2935 De
268 2878 447 2938 minutionis
477 2877 654 2938 diversitate.
707 2874 793 2935 Nune
827 2878 943 2949 antem,
982 2877 1019 2934 ut
1054 2893 1137 2951 prae·
1151 2881 1178 2926 ³0

120 2965 238 3025 dietum
271 2968 331 3038 est,
366 2966 448 3042 qnod
481 2967 613 3043 primum
647 2964 684 3025 de
714 2965 836 3024 vulnere
867 2967 897 3024 et
929 2963 965 3023 de
997 2963 1138 3023 incisione

122 3073 215 3115 venae
235 3053 396 3132 egreditur,
426 3055 547 3132 sangnis
574 3057 627 3130 est,
655 3056 685 3114 et
711 3052 743 3114 in
769 3073 803 3114 eo
830 3071 976 3113 venenum
998 3055 1029 3112 et
1050 3045 1138 3128 pesti·

122 3143 181 3202 teri
202 3142 340 3203 humores
367 3142 456 3203 simul
485 3146 630 3204 emanent.
674 3142 789 3203 Deinde
818 3161 888 3202 eum
914 3141 1059 3201 emanatio
1086 3141 1138 3200 illa

122 3232 154 3290 in
176 3235 292 3292 neotum
313 3233 454 3294 ruborem
476 3235 506 3292 et
527 3233 559 3291 in
582 3233 675 3292 alium
697 3233 825 3292 eolorem
848 3234 992 3302 mutatur,
1019 3230 1138 3308 sanguis

122 3324 155 3380 et
176 3320 316 3382 humores
339 3322 471 3398 aequalis
493 3339 649 3381 mensurae
664 3324 742 3384 sunt.
776 3321 859 3380 Tune
881 3321 907 3379 si
921 3320 1001 3379 idem
1016 3319 1137 3396 singnis
1149 3324 1178 3370 35

124 3410 252 3488 emplius
274 3411 466 3486 emanaverit,
498 3410 569 3470 beni
600 3415 630 3470 et
662 3411 733 3469 meli
759 3410 898 3469 humores
926 3427 994 3468 enm
1021 3408 1137 3482 reliquo

123 3499 266 3578 sanguine
288 3500 378 3561 simul
400 3501 633 3576 subsequuntur.
667 3499 707 3558 lit
728 3501 801 3558 tune
822 3496 859 3556 ab
881 3496 982 3556 eadem
997 3496 1138 3556 effusione
