2662 3932
384 193 525 248 csussn
544 191 591 248 m
609 179 732 249 cuum
750 194 818 249 ue.
837 195 873 249 11.
1094 201 1134 260 79

100 380 315 452 evacuantur,
340 381 370 436 et
393 377 534 453 quonism
549 375 706 436 debiliores
726 378 864 437 masculis
879 381 957 454 sunt,
980 397 1048 438 cum
1062 379 1135 438 haec

103 467 241 526 miseria
285 466 447 526 senectutis
486 485 582 542 usque
620 465 658 524 ad
697 467 912 543 octogesimum
954 487 1064 526 annum
1103 469 1134 527 in
1219 543 1222 548 Ι

102 555 261 614 masculis
293 555 499 632 protrahetur.
552 553 608 614 Sed
639 559 669 614 et
697 555 729 614 in
764 556 940 615 animalibus
974 557 1072 617 brutis
1106 559 1137 617 in

104 647 282 720 augmento
313 645 402 704 lunae
432 645 554 722 sanguis
586 648 714 723 augetur
745 648 775 704 et
800 645 833 704 iu
865 644 1042 706 detrimento
1073 647 1137 706 eius

50 749 52 752 ·
104 733 295 805 minoratur,
318 734 370 793 sed
393 737 492 793 tamen
515 733 633 808 parcius
656 752 746 810 quam
760 734 792 792 in
806 733 985 806 hominibus,
1008 737 1163 812 exceptus

108 821 182 882 illis
207 822 392 898 animalibus,
416 842 493 899 quae
516 823 552 881 de
574 822 681 882 sudore
704 826 734 882 et
755 823 881 884 humore
902 827 998 882 terrae
1013 843 1136 884 nascun-

110 914 173 970 tur
197 914 227 970 et
249 913 434 987 nutriuntur,
459 930 534 988 quae
557 912 652 989 magis
675 911 710 971 de
733 931 844 974 veneno
868 913 949 972 etde
964 911 1033 972 tabe
1048 933 1136 990 quam

113 1001 157 1060 de
188 1001 332 1077 sanguine
360 1001 516 1073 exsistunt,
549 1004 579 1060 et
606 1002 732 1078 exceptis
755 1001 898 1079 piscibus,
930 1002 1036 1079 quiin
1060 1023 1137 1079 aqua

112 1089 256 1150 viventes
280 1108 314 1149 ex
330 1109 407 1167 aque
423 1089 574 1161 exsistunt,
598 1092 649 1168 qui
664 1091 815 1150 modicum
830 1091 1004 1169 sanguinem
1018 1091 1135 1153 babent.

112 1179 155 1237 In
181 1177 337 1239 arboribus
360 1197 489 1256 queque,
513 1181 641 1256 quaein
664 1179 813 1240 radicibus
836 1181 899 1240 suis
926 1181 1077 1256 frondent,
1104 1181 1136 1240 in
1149 1189 1176 1235 10

118 1271 285 1346 augmento
316 1268 405 1328 lunae
436 1287 540 1328 succus
572 1273 701 1346 augetur
732 1273 762 1329 et
786 1271 818 1330 in
845 1269 1022 1330 detrimento
1048 1271 1136 1329 lunae

115 1358 303 1429 minoratur,
332 1360 363 1417 et
389 1358 470 1433 ideo,
498 1357 524 1416 si
545 1359 577 1416 in
607 1362 766 1435 augmento
795 1360 883 1418 lunee
914 1358 1135 1432 abscinduntur,

100 1451 193 1506 cunc
214 1450 338 1522 propter
361 1465 482 1506 succum
504 1449 535 1506 et
555 1445 724 1518 humorem,
755 1448 809 1525 qui
835 1449 867 1506 in
893 1449 965 1526 ipsis
987 1449 1135 1523 remansit,
1194 1455 1198 1464 '

112 1557 134 1594 a
167 1536 320 1595 vermibus
362 1539 392 1596 et
429 1555 446 1594 e
484 1536 562 1596 carie
599 1536 669 1614 plus
715 1541 944 1614 consumuntur,
987 1557 1076 1614 quam
1111 1538 1136 1596 si

114 1626 150 1684 in
184 1623 360 1698 detrimento
393 1626 482 1685 lunae
513 1625 768 1702 abscinderentur,
801 1627 884 1703 quie,
910 1628 948 1686 ‘si
979 1627 1011 1686 in
1042 1627 1175 1686 minc-15

113 1713 233 1773 ratione
262 1714 350 1773 lunee
382 1713 603 1791 abscinduntur,
634 1719 707 1775 tunc
739 1733 826 1775 succo
857 1716 889 1774 in
916 1716 958 1774 eis
981 1718 1134 1775 attenuato

113 1802 338 1879 aliquantulum
370 1804 401 1862 in
433 1803 581 1880 quandum
613 1803 757 1864 duritiam
787 1807 955 1880 vertuntur,
987 1805 1030 1864 ita
1054 1804 1134 1881 quod

113 1911 230 1951 vermes
261 1893 293 1951 in
324 1892 365 1952 eis
397 1894 481 1952 tento
514 1893 612 1953 minus
644 1897 779 1953 crescunt
810 1897 840 1952 et
871 1892 951 1970 quod
979 1911 1013 1952 ea
1042 1893 1134 1953 caries

118 1984 204 2041 tante
228 1981 327 2040 minus
350 1981 465 2041 laedere
487 1985 594 2058 potest.

187 2070 232 2130 Dc
254 2071 395 2130 arborum
413 2071 577 2145 putatione.
611 2070 776 2130 Positiones
799 2072 889 2130 etiam
911 2073 943 2130 et
963 2070 1175 2146 putationesm

120 2159 262 2218 arborum
284 2160 420 2220 meliores
444 2162 516 2220 sunt
537 2159 575 2219 ad
598 2160 790 2220 stabilitatem
805 2161 840 2219 in'
852 2160 1030 2220 detrimento
1046 2160 1133 2220 lunae

118 2265 207 2325 quam
220 2248 260 2307 in
285 2251 445 2326 augmento
468 2249 545 2325 eius,
577 2248 718 2325 quoniam
746 2251 771 2309 si
800 2250 832 2309 in
860 2252 1019 2327 augmento
1046 2251 1133 2309 lunae

115 2337 200 2412 flunt,
222 2339 295 2399 tunc
310 2341 433 2414 propter
448 2341 626 2398 crescentem
641 2342 672 2398 et
687 2339 996 2416 superhabundantem
1011 2357 1134 2398 succum

117 2426 289 2486 multotiens
312 2427 448 2486 defluunt
471 2431 502 2487 et
523 2427 623 2486 minus
644 2427 756 2488 radices
779 2429 902 2504 capiunt
923 2430 953 2487 et
975 2428 1073 2487 minus
1096 2427 1134 2486 ed

120 2514 287 2590 profectum
310 2516 499 2592 proveniunt,
524 2517 661 2594 quamsi
684 2518 713 2576 in
738 2512 917 2576 detrimento
940 2518 1028 2575 lunae
1051 2517 1132 2578 fient.
1146 2525 1174 2571 25

119 2601 191 2662 Nem
216 2604 295 2663 siin
319 2605 504 2675 decrescente
526 2607 598 2664 luna
620 2605 710 2682 fiunt,
737 2610 810 2666 tunc
833 2624 920 2666 succo
944 2606 1133 2682 aliquantum

118 2693 260 2752 minorato
283 2693 379 2754 maier
401 2697 431 2754 et
452 2695 562 2754 fortier
584 2695 631 2755 vis
655 2694 796 2754 arborum
822 2695 949 2754 interius
981 2694 1068 2769 latet,
1102 2699 1133 2754 et

117 2782 182 2841 ideo
205 2782 294 2842 eitius
316 2783 430 2842 radices
454 2784 576 2860 capiunt
598 2785 629 2843 et
651 2784 847 2844 stabiliuntur
869 2803 958 2860 quam
982 2784 1013 2842 in
1030 2801 1132 2860 super·

118 2870 298 2930 habundanti
321 2891 418 2947 succo,
442 2873 514 2950 qnia
537 2891 605 2932 cum
628 2877 733 2950 postea
746 2874 925 2934 increscente
940 2875 1012 2932 luna
1026 2891 1132 2932 succus

118 2963 186 3019 tunc
209 2960 299 3020 etiarn
322 2964 352 3020 et
373 2962 493 3039 putetio
516 2961 569 3020 illa
591 2961 754 3039 egreditur.
1142 2971 1171 3016 30
1198 3023 1201 3030 ,

181 3049 226 3109 Dc
247 3051 406 3110 vincarum
423 3053 588 3124 putatione.
627 3050 703 3110 llum
725 3052 816 3112 etiam
838 3051 976 3129 palmites
998 3051 1069 3111 vitis
1092 3051 1130 3110 ud

120 3137 261 3198 culturam
288 3139 444 3199 vinearum
471 3139 703 3217 abscinduntur,
731 3141 768 3200 ed
796 3141 939 3199 maiorem
965 3141 1130 3200 utilitatem

85 3223 89 3232 '
121 3230 149 3286 et
169 3228 334 3288 ubertatem
355 3230 513 3288 fructuum
535 3230 721 3306 proveniunt,
744 3231 769 3289 si
792 3230 1005 3290 abscindantur
1026 3231 1058 3288 in
1081 3230 1129 3289 de·

121 3321 259 3376 crescente
287 3318 358 3378 lune
386 3338 476 3395 quam
504 3319 535 3376 in
563 3321 722 3395 crescente,
755 3319 827 3395 quia
856 3322 968 3396 quanto
996 3318 1066 3395 plus
1097 3320 1129 3377 in

122 3409 273 3484 augmento
292 3406 380 3466 lunae
399 3407 616 3484 inscinduntur,
638 3409 723 3467 tanto
738 3409 808 3484 plus
823 3427 928 3468 succus
944 3411 976 3467 et
989 3408 1128 3468 lacrimae
1140 3417 1168 3462 35

121 3494 237 3571 inipsis
259 3495 397 3556 effluunt.
443 3497 482 3554 Et
509 3497 552 3556 sic
578 3497 659 3556 vitis
676 3497 898 3573 aliquantulum
925 3496 1039 3555 aridior
1061 3498 1126 3573 erit,

123 3601 204 3661 quem
225 3584 251 3644 si
273 3585 305 3644 in
328 3584 506 3645 detrimento
529 3586 618 3644 lunae
645 3586 862 3662 inscindentur,
891 3585 1032 3663 queniam
1053 3588 1127 3646 tunc
