2668 3924
357 154 498 210 CAUSAE
517 152 564 208 ΕΤ
582 151 704 208 CURAE
721 151 789 208 LIB.
808 151 855 208 IV.
1054 155 1115 216 211

102 360 152 400 eos
175 339 344 401 mortificat.
375 339 414 396 Et
430 338 520 397 etiam
542 337 613 396 haec
636 338 733 396 calore
755 337 851 396 mellis
874 340 904 395 εὴ
927 337 1001 395 forti
1024 336 1120 395 calore

21 495 22 500 ἵ
101 431 187 507 longi
208 428 328 505 pipern,
353 428 405 504 qui
428 427 524 486 calore
547 427 598 484 alii
620 427 730 502 piperis
753 427 860 486 fortior
875 429 927 497 est,
951 429 981 484 et
1004 425 1119 501 frigidi·

21 541 22 588 ]
101 523 164 578 tate
192 517 314 578 basiliae
341 519 546 591 temperantur
574 519 604 574 et
631 515 756 574 alterato
790 516 886 574 calore
919 514 1119 574 accenduntur

21 679 22 688 χ
101 612 133 666 et
155 609 187 666 in
209 606 305 666 fictile
329 625 380 664 vas
403 607 564 681 ponuntur,
588 624 623 663 ue
646 606 677 662 in
699 605 824 663 mollitie
840 607 1023 679 putrescant3
1049 601 1117 662 **in

101 697 204 756 ieiuno
229 699 259 754 st
281 713 387 772 pranso
410 697 527 753 sument
550 694 701 769 pediculos
724 694 916 770 extinguunt,
947 693 1027 769 quod
1050 704 1147 752 cums

102 789 194 845 homo
223 785 340 844 ieiunus
362 785 506 860 poculum
528 782 607 842 hunc
629 783 729 858 sumit,
752 783 904 858 pediculos
917 783 958 840 'iu
981 801 1015 840 eo
1031 783 1121 841 citius

104 875 263 952 extinguit,
287 877 318 932 et
333 891 402 933 cum
417 891 542 948 pransus
559 873 743 942 cumbumit,
766 871 904 930 humores
926 871 1067 942 ciborum,
1084 871 1119 932 de

104 964 216 1040 quibus
239 962 370 1039 pediculi
392 965 563 1036 nascuntur,
587 964 788 1022 attenuantur.

174 1047 299 1136 [Contra
322 1052 489 1113 lumbricos.
529 1044 668 1128 1)Aocipe
690 1068 812 1109 succum
833 1050 1068 1110 bedherccaelaa
1091 1053 1121 1106 ct
1216 1129 1218 1134 ι

107 1161 230 1201 succum
261 1141 385 1201 wallace
415 1140 480 1215 pari
513 1140 644 1215 pondere
671 1144 702 1198 et
728 1158 849 1198 succum
877 1139 912 1198 de
940 1139 1019 1198 foliis
1042 1138 1119 1212 nuci,
1134 1147 1161 1193 10

21 1235 22 1272 ἲ
106 1233 255 1307 quantum
289 1230 409 1288 illorum
441 1229 570 1288 duorum
607 1231 665 1304 est,
703 1229 749 1289 vel
789 1229 814 1287 si
852 1229 923 1286 folia
960 1228 1029 1286 nuci
1062 1245 1122 1286 non

21 1333 22 1416 }
104 1320 253 1409 habueris,
265 1318 337 1378 tolle
354 1321 470 1377 tantum
484 1317 563 1377 succi
575 1317 611 1375 ds
627 1318 734 1377 cortice
750 1318 879 1376 eiusdem
895 1317 1014 1388 arboris,
1030 1316 1062 1374 id
1078 1319 1122 1374 est

104 1411 182 1485 nuci,
216 1411 246 1467 ct
268 1408 418 1467 modicum
447 1408 522 1467 aceti
550 1406 623 1465 adde
654 1410 684 1465 et
714 1407 879 1483 plurimum
911 1406 1006 1466 mellis
1034 1410 1064 1464 εὴ
1090 1406 1121 1463 in

21 1495 22 1509 ¹
104 1517 181 1559 nova
205 1499 264 1557 olla
290 1497 337 1556 fao
358 1498 471 1556 fervere
504 1500 535 1555 et
561 1514 698 1572 spumam
720 1497 857 1572 superius
884 1497 972 1572 abice,
1001 1499 1031 1554 et
1053 1514 1121 1554 cum

21 1671 22 1676 η
105 1586 289 1658 efferbuerit,
323 1587 359 1645 de
382 1587 450 1662 igne
472 1587 553 1647 tolle.
598 1586 638 1643 Et
660 1604 713 1660 per
736 1586 868 1661 quinque
892 1586 953 1644 dies
975 1585 1034 1656 illi,
1068 1585 1120 1660 qui
1134 1597 1162 1643 15

105 1677 222 1752 patitur
245 1694 357 1735 vermes
380 1675 412 1733 in
434 1679 548 1749 ventre,
577 1673 666 1732 dein
688 1677 763 1748 potu
786 1675 898 1733 modice
922 1675 1034 1746 ieiuno,
1070 1675 1120 1732 sed

104 1768 174 1841 post
199 1764 300 1823 cibum
322 1765 501 1824 sufficienter
524 1756 627 1844 bibat]

170 1857 218 1914 De
241 1855 360 1915 calculo.
407 1845 432 1930 ²)
461 1852 519 1922 Qui
541 1853 688 1912 caleulum
719 1853 751 1910 in
772 1871 802 1911 se
825 1850 926 1926 habat,
957 1869 1056 1910 recens
1079 1851 1121 1909 fel

21 2075 22 2080 η
104 2033 175 2092 haec
198 2032 323 2091 exsiccet
346 2049 379 2090 ac
402 2033 501 2090 sumat
524 2032 613 2089 etiam
635 2031 801 2089 saxifricam
823 2033 854 2089 et
868 2029 1033 2106 pulverizet
1054 2042 1160 2088 carneo

21 2137 22 2180 1
104 2125 134 2181 et
162 2122 198 2180 de
225 2120 348 2196 pulvere
378 2120 434 2180 hoc
463 2123 582 2179 tantum
614 2121 714 2190 tollat,
750 2124 896 2196 quantum
924 2119 1000 2178 fellis
1028 2118 1118 2177 huius

21 2233 22 2300 p
105 2213 156 2282 est,
180 2213 210 2270 et
232 2210 263 2266 in
283 2210 424 2269 subtilem
446 2210 620 2283 panniolum
640 2209 731 2268 simul
746 2209 821 2285 liget
836 2211 865 2268 et
887 2209 974 2268 sicin
989 2209 1068 2267 forte
1091 2210 1121 2266 et

21 2355 22 2366 ,
105 2301 217 2359 bonum
241 2317 274 2357 ac
296 2318 407 2374 purum
429 2299 533 2357 vinum
547 2302 639 2372 ponat
656 2305 745 2374 atque
760 2299 803 2357 ita
818 2298 988 2374 frequenter
1002 2298 1120 2356 ieiunus

21 2383 22 2402 ³
105 2389 188 2448 bibat
211 2391 242 2446 et
264 2387 354 2446 simili
368 2388 465 2462 modo,
488 2390 648 2463 postquam
665 2387 832 2462 comederit,
855 2390 1030 2446 nouantem
1045 2385 1122 2443 infra

106 2478 220 2548 cibum,
253 2477 392 2552 qnoniam
428 2497 445 2534 a
475 2476 539 2536 cibo
573 2479 803 2536 consumeretur.
856 2475 930 2534 Nam
954 2474 1120 2533 amaritudo
1134 2486 1161 2532 25

106 2567 183 2625 fellis
205 2564 295 2624 huius
319 2585 387 2624 cum
409 2565 505 2625 calore
528 2565 655 2641 praefati
678 2565 830 2641 sanguinis
858 2568 887 2622 et
915 2583 983 2624 oum
1005 2563 1120 2639 frigidi·

107 2659 169 2715 tate
192 2654 346 2714 saxifricao
369 2658 459 2731 atque
487 2674 554 2714 cum
582 2655 677 2714 calore
705 2653 767 2713 vini
790 2657 953 2728 temperata
981 2653 1116 2729 coagula-

105 2745 215 2804 tionem
238 2743 345 2802 calculi
367 2745 396 2802 in
420 2744 538 2802 homine
562 2743 704 2805 dissolvit.

21 2829 22 2832 ’
171 2833 216 2892 De
239 2834 330 2906 lepra.
378 2825 468 2910 3)Qui
499 2833 534 2890 de
566 2832 726 2910 gulositate
759 2836 789 2891 ct
815 2833 957 2901 ebrietate
984 2832 1120 2907 leprosus

107 2923 244 2996 efficitur,
268 2925 380 2981 stercus
402 2921 596 2980 hirundinum
620 2921 743 2997 accipiat
766 2924 796 2980 st
817 2925 922 2997 quator
941 2924 1059 2980 tantum
1082 2921 1118 2980 de
1131 2932 1159 2976 eo

106 3011 204 3087 herba,
228 3030 304 3087 quae
326 3012 416 3087 lappa
439 3011 561 3082 dicitur,
592 3010 699 3069 rubeos
721 3011 808 3070 flores
831 3011 1000 3083 habentem,
1034 3013 1063 3068 et
1086 3030 1119 3068 ex

106 3101 150 3160 his
177 3099 331 3176 pulverem
359 3101 463 3172 iaciat;
494 3099 627 3160 arvinam
650 3118 768 3176 quoque
791 3101 918 3160 ciconiae
942 3100 1067 3175 accipiat
1089 3102 1119 3158 et

108 3189 256 3249 modicum
277 3191 346 3264 plus
370 3189 489 3250 arvinae
511 3189 642 3248 vulturis
665 3190 788 3248 ethaeo
810 3190 841 3248 in
864 3190 1011 3265 sartagine
1027 3189 1117 3247 frixet

107 3283 136 3337 et
157 3279 213 3338 hoc
235 3278 314 3338 facto
337 3279 522 3354 praedictum
549 3278 703 3354 pulverem
730 3282 760 3337 et
787 3279 938 3336 modicum
967 3277 1119 3353 sulphuris

178 3488 198 3548 ¹)
216 3506 241 3541 v.
255 3486 342 3541 9-17
358 3507 388 3536 =
403 3505 430 3556 p.
446 3482 786 3554 210,1·0.-²)v.18-25
801 3508 833 3527 =
848 3483 945 3553 Migne
959 3483 1026 3539 1323
1041 3483 1068 3537 O.
1083 3515 1118 3524 -

106 3557 127 3627 ³)
140 3578 164 3613 v.
178 3559 277 3628 ae-p.
296 3557 371 3621 alan
392 3582 424 3602 =
443 3557 539 3626 Migne
560 3556 628 3610 1308
645 3556 744 3610 Α-Β.

963 3643 1017 3696 14*
