<?xml version="1.0" encoding="UTF-8"?>
<!DOCTYPE html PUBLIC "-//W3C//DTD XHTML 1.0 Transitional//EN"
    "http://www.w3.org/TR/xhtml1/DTD/xhtml1-transitional.dtd">
<html xmlns="http://www.w3.org/1999/xhtml" xml:lang="en" lang="en">
 <head>
  <title>
</title>
<meta http-equiv="Content-Type" content="text/html;charset=utf-8" />
  <meta name='ocr-system' content='tesseract 3.04.00' />
  <meta name='ocr-capabilities' content='ocr_page ocr_carea ocr_par ocr_line ocrx_word'/>
</head>
<body>
  <div class='ocr_page' id='page_1' title='image "./hildegardiscaus00hildgoog_0046.png"; bbox 0 0 2680 3938; ppageno 0'>
   <div class='ocr_carea' id='block_1_1' title="bbox 402 159 1151 224">
    <p class='ocr_par' dir='ltr' id='par_1_1' title="bbox 402 159 1151 224">
     <span class='ocr_line' id='line_1_1' title="bbox 402 159 1151 224; baseline 0 -10"><span class='ocrx_word' id='word_1_1' title='bbox 402 159 544 215; x_wconf 80' lang='lat' dir='ltr'>CAUSAE</span> <span class='ocrx_word' id='word_1_2' title='bbox 564 159 611 214; x_wconf 84' lang='grc' dir='ltr'>ΕΤ</span> <span class='ocrx_word' id='word_1_3' title='bbox 630 160 752 216; x_wconf 80' lang='lat' dir='ltr'><strong>CURAE</strong></span> <span class='ocrx_word' id='word_1_4' title='bbox 770 161 837 215; x_wconf 88' lang='lat' dir='ltr'><strong>LIB.</strong></span> <span class='ocrx_word' id='word_1_5' title='bbox 855 160 890 215; x_wconf 87' lang='lat'>11.</span> <span class='ocrx_word' id='word_1_6' title='bbox 1110 166 1151 224; x_wconf 78' lang='lat'>35</span> 
     </span>
    </p>
   </div>
   <div class='ocr_carea' id='block_1_2' title="bbox 126 343 1192 3631">
    <p class='ocr_par' dir='ltr' id='par_1_2' title="bbox 127 343 1153 586">
     <span class='ocr_line' id='line_1_2' title="bbox 127 343 1153 421; baseline 0.001 -17"><span class='ocrx_word' id='word_1_7' title='bbox 127 364 206 405; x_wconf 83' lang='lat' dir='ltr'>aere</span> <span class='ocrx_word' id='word_1_8' title='bbox 220 344 382 405; x_wconf 83' lang='lat' dir='ltr'>secundum</span> <span class='ocrx_word' id='word_1_9' title='bbox 398 345 622 421; x_wconf 82' lang='lat' dir='ltr'>dispositionem</span> <span class='ocrx_word' id='word_1_10' title='bbox 637 344 685 404; x_wconf 84' lang='lat' dir='ltr'>dci</span> <span class='ocrx_word' id='word_1_11' title='bbox 701 348 831 418; x_wconf 87' lang='lat' dir='ltr'>sumunt,</span> <span class='ocrx_word' id='word_1_12' title='bbox 846 343 924 404; x_wconf 86' lang='lat' dir='ltr'>undo</span> <span class='ocrx_word' id='word_1_13' title='bbox 938 363 1028 421; x_wconf 89' lang='lat' dir='ltr'>super</span> <span class='ocrx_word' id='word_1_14' title='bbox 1042 348 1153 405; x_wconf 88' lang='lat' dir='ltr'>terram</span> 
     </span>
     <span class='ocr_line' id='line_1_3' title="bbox 128 434 1152 509; baseline -0.001 -14"><span class='ocrx_word' id='word_1_15' title='bbox 128 440 303 495; x_wconf 79' lang='lat' dir='ltr'>versantur.</span> <span class='ocrx_word' id='word_1_16' title='bbox 337 434 460 492; x_wconf 86' lang='lat' dir='ltr'>Vermcs</span> <span class='ocrx_word' id='word_1_17' title='bbox 482 452 553 494; x_wconf 83' lang='lat' dir='ltr'>vero</span> <span class='ocrx_word' id='word_1_18' title='bbox 576 438 607 494; x_wconf 85' lang='lat' dir='ltr'>et</span> <span class='ocrx_word' id='word_1_19' title='bbox 629 434 749 509; x_wconf 86' lang='lat' dir='ltr'>reptilia</span> <span class='ocrx_word' id='word_1_20' title='bbox 763 435 858 495; x_wconf 86' lang='lat' dir='ltr'>vitam</span> <span class='ocrx_word' id='word_1_21' title='bbox 877 438 1000 494; x_wconf 88' lang='lat' dir='ltr'>sumunt</span> <span class='ocrx_word' id='word_1_22' title='bbox 1014 434 1051 494; x_wconf 78' lang='lat' dir='ltr'>de</span> <span class='ocrx_word' id='word_1_23' title='bbox 1066 453 1152 494; x_wconf 89' lang='lat' dir='ltr'>succo</span> 
     </span>
     <span class='ocr_line' id='line_1_4' title="bbox 132 515 1092 586; baseline 0.001 -2"><span class='ocrx_word' id='word_1_24' title='bbox 132 528 235 584; x_wconf 82' lang='lat' dir='ltr'>terrac</span> <span class='ocrx_word' id='word_1_25' title='bbox 258 525 289 582; x_wconf 89' lang='lat' dir='ltr'>et</span> <span class='ocrx_word' id='word_1_26' title='bbox 310 522 375 582; x_wconf 81' lang='lat' dir='ltr'>ideo</span> <span class='ocrx_word' id='word_1_27' title='bbox 398 523 430 581; x_wconf 91' lang='lat' dir='ltr'>in</span> <span class='ocrx_word' id='word_1_28' title='bbox 452 526 532 582; x_wconf 85' lang='lat' dir='ltr'>terra</span> <span class='ocrx_word' id='word_1_29' title='bbox 555 528 585 583; x_wconf 89' lang='lat' dir='ltr'>st</span> <span class='ocrx_word' id='word_1_30' title='bbox 606 524 712 583; x_wconf 89' lang='lat' dir='ltr'>subtus</span> <span class='ocrx_word' id='word_1_31' title='bbox 734 525 844 582; x_wconf 87' lang='lat' dir='ltr'>terram</span> <span class='ocrx_word' id='word_1_32' title='bbox 867 515 993 583; x_wconf 85' lang='lat' dir='ltr'>libenter</span> <span class='ocrx_word' id='word_1_33' title='bbox 1014 526 1092 586; x_wconf 84' lang='lat' dir='ltr'>sunt.</span> 
     </span>
    </p>

    <p class='ocr_par' dir='ltr' id='par_1_3' title="bbox 130 612 1191 1758">
     <span class='ocr_line' id='line_1_5' title="bbox 206 612 1151 689; baseline 0.002 -17"><span class='ocrx_word' id='word_1_34' title='bbox 206 613 252 672; x_wconf 86' lang='lat' dir='ltr'>Dc</span> <span class='ocrx_word' id='word_1_35' title='bbox 269 613 414 686; x_wconf 72' lang='lat' dir='ltr'>piscibus.</span> <span class='ocrx_word' id='word_1_36' title='bbox 451 612 549 672; x_wconf 87' lang='lat' dir='ltr'>Pisces</span> <span class='ocrx_word' id='word_1_37' title='bbox 573 617 673 673; x_wconf 88' lang='lat' dir='ltr'>autem</span> <span class='ocrx_word' id='word_1_38' title='bbox 695 612 787 672; x_wconf 87' lang='lat' dir='ltr'>vitam</span> <span class='ocrx_word' id='word_1_39' title='bbox 811 612 961 688; x_wconf 89' lang='lat' dir='ltr'>accipiunt</span> <span class='ocrx_word' id='word_1_40' title='bbox 982 613 1019 672; x_wconf 79' lang='lat' dir='ltr'>de</span> <span class='ocrx_word' id='word_1_41' title='bbox 1042 630 1151 689; x_wconf 86' lang='lat' dir='ltr'>aquoso</span> 
     </span>
     <span class='ocr_line' id='line_1_6' title="bbox 133 700 1179 779; baseline -0.001 -18"><span class='ocrx_word' id='word_1_42' title='bbox 133 721 203 762; x_wconf 87' lang='lat' dir='ltr'>aere</span> <span class='ocrx_word' id='word_1_43' title='bbox 234 701 405 774; x_wconf 87' lang='lat' dir='ltr'>fluminum,</span> <span class='ocrx_word' id='word_1_44' title='bbox 437 700 516 761; x_wconf 84' lang='lat' dir='ltr'>unde</span> <span class='ocrx_word' id='word_1_45' title='bbox 546 703 636 761; x_wconf 88' lang='lat' dir='ltr'>etiam</span> <span class='ocrx_word' id='word_1_46' title='bbox 667 701 699 760; x_wconf 87' lang='lat' dir='ltr'>iu</span> <span class='ocrx_word' id='word_1_47' title='bbox 727 702 812 779; x_wconf 84' lang='lat' dir='ltr'>aquis</span> <span class='ocrx_word' id='word_1_48' title='bbox 838 705 909 761; x_wconf 88' lang='lat' dir='ltr'>sunt</span> <span class='ocrx_word' id='word_1_49' title='bbox 935 704 965 761; x_wconf 90' lang='lat' dir='ltr'>ct</span> <span class='ocrx_word' id='word_1_50' title='bbox 991 702 1179 762; x_wconf 85' lang='lat' dir='ltr'>siccitatem5</span> 
     </span>
     <span class='ocr_line' id='line_1_7' title="bbox 133 790 1152 868; baseline 0 -18"><span class='ocrx_word' id='word_1_51' title='bbox 133 790 202 868; x_wconf 82' lang='lat' dir='ltr'>peti</span> <span class='ocrx_word' id='word_1_52' title='bbox 223 810 283 851; x_wconf 90' lang='lat' dir='ltr'>non</span> <span class='ocrx_word' id='word_1_53' title='bbox 309 793 442 867; x_wconf 88' lang='lat' dir='ltr'>possunt.</span> <span class='ocrx_word' id='word_1_54' title='bbox 487 791 527 850; x_wconf 81' lang='lat' dir='ltr'>Et</span> <span class='ocrx_word' id='word_1_55' title='bbox 552 791 624 850; x_wconf 87' lang='lat' dir='ltr'>hacc</span> <span class='ocrx_word' id='word_1_56' title='bbox 652 792 750 850; x_wconf 89' lang='lat' dir='ltr'>omnia</span> <span class='ocrx_word' id='word_1_57' title='bbox 777 810 845 856; x_wconf 89' lang='lat' dir='ltr'>cum</span> <span class='ocrx_word' id='word_1_58' title='bbox 876 791 1058 867; x_wconf 89' lang='lat' dir='ltr'>moriuntur,</span> <span class='ocrx_word' id='word_1_59' title='bbox 1089 792 1152 851; x_wconf 83' lang='lat' dir='ltr'>vita</span> 
     </span>
     <span class='ocr_line' id='line_1_8' title="bbox 135 880 1153 957; baseline 0 -17"><span class='ocrx_word' id='word_1_60' title='bbox 135 899 242 940; x_wconf 90' lang='lat' dir='ltr'>eorum</span> <span class='ocrx_word' id='word_1_61' title='bbox 265 880 372 939; x_wconf 82' lang='lat' dir='ltr'>defluit</span> <span class='ocrx_word' id='word_1_62' title='bbox 398 880 430 938; x_wconf 89' lang='lat' dir='ltr'>in</span> <span class='ocrx_word' id='word_1_63' title='bbox 457 898 543 940; x_wconf 73' lang='lat' dir='ltr'>mune</span> <span class='ocrx_word' id='word_1_64' title='bbox 570 881 704 957; x_wconf 87' lang='lat' dir='ltr'>ipsorum</span> <span class='ocrx_word' id='word_1_65' title='bbox 731 881 815 940; x_wconf 83' lang='lat' dir='ltr'>velut</span> <span class='ocrx_word' id='word_1_66' title='bbox 840 880 890 938; x_wconf 89' lang='lat' dir='ltr'>nix</span> <span class='ocrx_word' id='word_1_67' title='bbox 919 880 950 938; x_wconf 88' lang='lat' dir='ltr'>in</span> <span class='ocrx_word' id='word_1_68' title='bbox 981 880 1088 956; x_wconf 84' lang='lat' dir='ltr'>calore,</span> <span class='ocrx_word' id='word_1_69' title='bbox 1121 884 1153 940; x_wconf 90' lang='lat' dir='ltr'>et</span> 
     </span>
     <span class='ocr_line' id='line_1_9' title="bbox 135 969 1152 1046; baseline 0.001 -18"><span class='ocrx_word' id='word_1_70' title='bbox 135 970 218 1046; x_wconf 87' lang='lat' dir='ltr'>quod</span> <span class='ocrx_word' id='word_1_71' title='bbox 241 969 394 1029; x_wconf 83' lang='lat' dir='ltr'>residuum</span> <span class='ocrx_word' id='word_1_72' title='bbox 417 969 510 1030; x_wconf 81' lang='lat' dir='ltr'>fuerit</span> <span class='ocrx_word' id='word_1_73' title='bbox 532 973 586 1029; x_wconf 89' lang='lat' dir='ltr'>aut</span> <span class='ocrx_word' id='word_1_74' title='bbox 612 969 643 1029; x_wconf 89' lang='lat' dir='ltr'>in</span> <span class='ocrx_word' id='word_1_75' title='bbox 666 989 764 1029; x_wconf 85' lang='lat' dir='ltr'>aerem</span> <span class='ocrx_word' id='word_1_76' title='bbox 786 973 839 1028; x_wconf 88' lang='lat' dir='ltr'>aut</span> <span class='ocrx_word' id='word_1_77' title='bbox 859 970 891 1028; x_wconf 89' lang='lat' dir='ltr'>in</span> <span class='ocrx_word' id='word_1_78' title='bbox 911 987 1031 1029; x_wconf 89' lang='lat' dir='ltr'>succum</span> <span class='ocrx_word' id='word_1_79' title='bbox 1054 972 1152 1029; x_wconf 88' lang='lat' dir='ltr'>terrae</span> 
     </span>
     <span class='ocr_line' id='line_1_10' title="bbox 135 1055 1151 1133; baseline 0.001 -16"><span class='ocrx_word' id='word_1_80' title='bbox 135 1058 242 1118; x_wconf 88' lang='lat' dir='ltr'>autin</span> <span class='ocrx_word' id='word_1_81' title='bbox 267 1076 413 1133; x_wconf 89' lang='lat' dir='ltr'>aquosum</span> <span class='ocrx_word' id='word_1_82' title='bbox 436 1076 531 1118; x_wconf 87' lang='lat' dir='ltr'>aerem</span> <span class='ocrx_word' id='word_1_83' title='bbox 553 1058 711 1118; x_wconf 89' lang='lat' dir='ltr'>fluminum</span> <span class='ocrx_word' id='word_1_84' title='bbox 733 1059 847 1131; x_wconf 84' lang='lat' dir='ltr'>transit,</span> <span class='ocrx_word' id='word_1_85' title='bbox 869 1059 949 1117; x_wconf 86' lang='lat' dir='ltr'>undo</span> <span class='ocrx_word' id='word_1_86' title='bbox 971 1058 1060 1120; x_wconf 88' lang='lat' dir='ltr'>veuit.</span> <span class='ocrx_word' id='word_1_87' title='bbox 1091 1055 1151 1118; x_wconf 89' lang='lat' dir='ltr'>Neo</span> 
     </span>
     <span class='ocr_line' id='line_1_11' title="bbox 135 1147 1191 1224; baseline -0.006 -17"><span class='ocrx_word' id='word_1_88' title='bbox 135 1147 244 1207; x_wconf 80' lang='lat' dir='ltr'>amodo</span> <span class='ocrx_word' id='word_1_89' title='bbox 272 1147 358 1218; x_wconf 90' lang='lat' dir='ltr'>illud,</span> <span class='ocrx_word' id='word_1_90' title='bbox 390 1147 471 1223; x_wconf 87' lang='lat' dir='ltr'>quod</span> <span class='ocrx_word' id='word_1_91' title='bbox 494 1148 536 1206; x_wconf 88' lang='lat' dir='ltr'>sic</span> <span class='ocrx_word' id='word_1_92' title='bbox 559 1149 691 1220; x_wconf 83' lang='lat' dir='ltr'>evanuit,</span> <span class='ocrx_word' id='word_1_93' title='bbox 722 1147 844 1224; x_wconf 85' lang='lat' dir='ltr'>aliquod</span> <span class='ocrx_word' id='word_1_94' title='bbox 866 1148 976 1208; x_wconf 85' lang='lat' dir='ltr'>animal</span> <span class='ocrx_word' id='word_1_95' title='bbox 998 1147 1036 1206; x_wconf 88' lang='lat' dir='ltr'>ad</span> <span class='ocrx_word' id='word_1_96' title='bbox 1058 1147 1151 1207; x_wconf 85' lang='lat' dir='ltr'>vitam</span> <span class='ocrx_word' id='word_1_97' title='bbox 1164 1157 1191 1202; x_wconf 89' lang='lat'>10</span> 
     </span>
     <span class='ocr_line' id='line_1_12' title="bbox 135 1234 1150 1312; baseline -0.002 -14"><span class='ocrx_word' id='word_1_98' title='bbox 135 1236 284 1311; x_wconf 77' lang='lat' dir='ltr'>vivificat,</span> <span class='ocrx_word' id='word_1_99' title='bbox 312 1235 392 1312; x_wconf 79' lang='lat' dir='ltr'>quod</span> <span class='ocrx_word' id='word_1_100' title='bbox 419 1237 507 1296; x_wconf 89' lang='lat' dir='ltr'>aruit.</span> <span class='ocrx_word' id='word_1_101' title='bbox 552 1234 628 1296; x_wconf 89' lang='lat' dir='ltr'>Nam</span> <span class='ocrx_word' id='word_1_102' title='bbox 649 1241 686 1297; x_wconf 92' lang='lat' dir='ltr'>ut</span> <span class='ocrx_word' id='word_1_103' title='bbox 708 1255 812 1296; x_wconf 88' lang='lat' dir='ltr'>succus</span> <span class='ocrx_word' id='word_1_104' title='bbox 835 1240 865 1297; x_wconf 93' lang='lat' dir='ltr'>et</span> <span class='ocrx_word' id='word_1_105' title='bbox 886 1237 987 1296; x_wconf 86' lang='lat' dir='ltr'>viredo</span> <span class='ocrx_word' id='word_1_106' title='bbox 1011 1235 1150 1296; x_wconf 84' lang='lat' dir='ltr'>arborum</span> 
     </span>
     <span class='ocr_line' id='line_1_13' title="bbox 137 1326 1151 1402; baseline 0 -18"><span class='ocrx_word' id='word_1_107' title='bbox 137 1329 231 1402; x_wconf 85' lang='lat' dir='ltr'>atque</span> <span class='ocrx_word' id='word_1_108' title='bbox 263 1326 423 1385; x_wconf 82' lang='lat' dir='ltr'>herbarum</span> <span class='ocrx_word' id='word_1_109' title='bbox 449 1326 522 1402; x_wconf 90' lang='lat' dir='ltr'>ipsis</span> <span class='ocrx_word' id='word_1_110' title='bbox 548 1327 667 1386; x_wconf 86' lang='lat' dir='ltr'>abscisis</span> <span class='ocrx_word' id='word_1_111' title='bbox 690 1327 721 1385; x_wconf 90' lang='lat' dir='ltr'>in</span> <span class='ocrx_word' id='word_1_112' title='bbox 744 1327 785 1386; x_wconf 90' lang='lat' dir='ltr'>eis</span> <span class='ocrx_word' id='word_1_113' title='bbox 807 1327 914 1386; x_wconf 76' lang='lat' dir='ltr'>arescit</span> <span class='ocrx_word' id='word_1_114' title='bbox 936 1329 966 1385; x_wconf 88' lang='lat' dir='ltr'>et</span> <span class='ocrx_word' id='word_1_115' title='bbox 988 1326 1151 1386; x_wconf 74' lang='lat' dir='ltr'>exsiccatur</span> 
     </span>
     <span class='ocr_line' id='line_1_14' title="bbox 134 1414 1150 1491; baseline -0.002 -16"><span class='ocrx_word' id='word_1_116' title='bbox 134 1434 191 1475; x_wconf 89' lang='lat' dir='ltr'>nec</span> <span class='ocrx_word' id='word_1_117' title='bbox 214 1415 343 1491; x_wconf 89' lang='lat' dir='ltr'>amplius</span> <span class='ocrx_word' id='word_1_118' title='bbox 367 1415 439 1474; x_wconf 83' lang='lat' dir='ltr'>alias</span> <span class='ocrx_word' id='word_1_119' title='bbox 461 1414 566 1475; x_wconf 86' lang='lat' dir='ltr'>herbas</span> <span class='ocrx_word' id='word_1_120' title='bbox 589 1415 627 1474; x_wconf 85' lang='lat' dir='ltr'>ad</span> <span class='ocrx_word' id='word_1_121' title='bbox 649 1415 804 1476; x_wconf 86' lang='lat' dir='ltr'>viridinem</span> <span class='ocrx_word' id='word_1_122' title='bbox 821 1416 987 1487; x_wconf 76' lang='lat' dir='ltr'>exsuscitat,</span> <span class='ocrx_word' id='word_1_123' title='bbox 1010 1415 1150 1491; x_wconf 90' lang='lat' dir='ltr'>quoniam</span> 
     </span>
     <span class='ocr_line' id='line_1_15' title="bbox 132 1503 1149 1581; baseline 0.001 -18"><span class='ocrx_word' id='word_1_124' title='bbox 132 1504 262 1564; x_wconf 83' lang='lat' dir='ltr'>exaruit:</span> <span class='ocrx_word' id='word_1_125' title='bbox 291 1505 333 1563; x_wconf 92' lang='lat' dir='ltr'>sic</span> <span class='ocrx_word' id='word_1_126' title='bbox 356 1503 445 1563; x_wconf 88' lang='lat' dir='ltr'>etiam</span> <span class='ocrx_word' id='word_1_127' title='bbox 468 1508 499 1564; x_wconf 86' lang='lat' dir='ltr'>st</span> <span class='ocrx_word' id='word_1_128' title='bbox 520 1505 584 1565; x_wconf 87' lang='lat' dir='ltr'>vita</span> <span class='ocrx_word' id='word_1_129' title='bbox 606 1505 765 1564; x_wconf 85' lang='lat' dir='ltr'>brutorum</span> <span class='ocrx_word' id='word_1_130' title='bbox 788 1505 969 1580; x_wconf 86' lang='lat' dir='ltr'>animalium,</span> <span class='ocrx_word' id='word_1_131' title='bbox 992 1515 1149 1581; x_wconf 83' lang='lat' dir='ltr'>postquam</span> 
     </span>
     <span class='ocr_line' id='line_1_16' title="bbox 130 1593 1190 1670; baseline -0.004 -18"><span class='ocrx_word' id='word_1_132' title='bbox 130 1594 163 1652; x_wconf 89' lang='lat' dir='ltr'>in</span> <span class='ocrx_word' id='word_1_133' title='bbox 188 1593 230 1652; x_wconf 91' lang='lat' dir='ltr'>eis</span> <span class='ocrx_word' id='word_1_134' title='bbox 254 1593 367 1652; x_wconf 87' lang='lat' dir='ltr'>aruerit</span> <span class='ocrx_word' id='word_1_135' title='bbox 389 1596 420 1652; x_wconf 86' lang='lat' dir='ltr'>et</span> <span class='ocrx_word' id='word_1_136' title='bbox 441 1594 584 1654; x_wconf 78' lang='lat' dir='ltr'>exsiccate</span> <span class='ocrx_word' id='word_1_137' title='bbox 606 1594 712 1670; x_wconf 86' lang='lat' dir='ltr'>fuerit,</span> <span class='ocrx_word' id='word_1_138' title='bbox 744 1594 861 1653; x_wconf 90' lang='lat' dir='ltr'>nullum</span> <span class='ocrx_word' id='word_1_139' title='bbox 889 1594 998 1653; x_wconf 86' lang='lat' dir='ltr'>animal</span> <span class='ocrx_word' id='word_1_140' title='bbox 1021 1595 1149 1670; x_wconf 90' lang='lat' dir='ltr'>amplius</span> <span class='ocrx_word' id='word_1_141' title='bbox 1163 1602 1190 1648; x_wconf 83' lang='lat'>15</span> 
     </span>
     <span class='ocr_line' id='line_1_17' title="bbox 133 1681 1043 1758; baseline 0.001 -15"><span class='ocrx_word' id='word_1_142' title='bbox 133 1681 276 1758; x_wconf 79' lang='lat' dir='ltr'>vivificet,</span> <span class='ocrx_word' id='word_1_143' title='bbox 300 1681 441 1758; x_wconf 87' lang='lat' dir='ltr'>quoniam</span> <span class='ocrx_word' id='word_1_144' title='bbox 463 1683 524 1742; x_wconf 88' lang='lat' dir='ltr'>iam</span> <span class='ocrx_word' id='word_1_145' title='bbox 546 1701 606 1742; x_wconf 89' lang='lat' dir='ltr'>non</span> <span class='ocrx_word' id='word_1_146' title='bbox 628 1687 673 1743; x_wconf 90' lang='lat' dir='ltr'>est</span> <span class='ocrx_word' id='word_1_147' title='bbox 694 1684 746 1743; x_wconf 84' lang='lat' dir='ltr'>sed</span> <span class='ocrx_word' id='word_1_148' title='bbox 768 1702 804 1742; x_wconf 87' lang='lat' dir='ltr'>ex</span> <span class='ocrx_word' id='word_1_149' title='bbox 827 1687 891 1743; x_wconf 88' lang='lat' dir='ltr'>toto</span> <span class='ocrx_word' id='word_1_150' title='bbox 915 1683 1043 1745; x_wconf 85' lang='lat' dir='ltr'>evanuit.</span> 
     </span>
    </p>

    <p class='ocr_par' dir='ltr' id='par_1_4' title="bbox 126 1771 1192 3631">
     <span class='ocr_line' id='line_1_18' title="bbox 199 1771 1149 1845; baseline 0 -15"><span class='ocrx_word' id='word_1_151' title='bbox 199 1771 245 1830; x_wconf 85' lang='lat' dir='ltr'>Dc</span> <span class='ocrx_word' id='word_1_152' title='bbox 279 1776 435 1845; x_wconf 76' lang='lat' dir='ltr'>conceptus</span> <span class='ocrx_word' id='word_1_153' title='bbox 466 1773 645 1833; x_wconf 63' lang='lat' dir='ltr'>divastare.</span> <span class='ocrx_word' id='word_1_154' title='bbox 697 1771 783 1832; x_wconf 87' lang='lat' dir='ltr'>Nunc</span> <span class='ocrx_word' id='word_1_155' title='bbox 814 1775 915 1832; x_wconf 87' lang='lat' dir='ltr'>autem</span> <span class='ocrx_word' id='word_1_156' title='bbox 945 1791 1013 1831; x_wconf 90' lang='lat' dir='ltr'>cum</span> <span class='ocrx_word' id='word_1_157' title='bbox 1041 1773 1088 1831; x_wconf 84' lang='lat' dir='ltr'>vir</span> <span class='ocrx_word' id='word_1_158' title='bbox 1117 1773 1149 1831; x_wconf 88' lang='lat' dir='ltr'>in</span> 
     </span>
     <span class='ocr_line' id='line_1_19' title="bbox 131 1858 1147 1932; baseline 0 -12"><span class='ocrx_word' id='word_1_159' title='bbox 131 1860 274 1920; x_wconf 84' lang='lat' dir='ltr'>effusione</span> <span class='ocrx_word' id='word_1_160' title='bbox 306 1860 393 1920; x_wconf 83' lang='lat' dir='ltr'>fortis</span> <span class='ocrx_word' id='word_1_161' title='bbox 423 1859 541 1920; x_wconf 90' lang='lat' dir='ltr'>seminis</span> <span class='ocrx_word' id='word_1_162' title='bbox 571 1861 618 1920; x_wconf 88' lang='lat' dir='ltr'>sui</span> <span class='ocrx_word' id='word_1_163' title='bbox 650 1864 681 1921; x_wconf 86' lang='lat' dir='ltr'>et</span> <span class='ocrx_word' id='word_1_164' title='bbox 711 1865 743 1921; x_wconf 90' lang='lat' dir='ltr'>in</span> <span class='ocrx_word' id='word_1_165' title='bbox 769 1865 851 1920; x_wconf 89' lang='lat' dir='ltr'>recto</span> <span class='ocrx_word' id='word_1_166' title='bbox 880 1858 1147 1932; x_wconf 80' lang='lat' dir='ltr'>amore&#39;caritatis</span> 
     </span>
     <span class='ocr_line' id='line_1_20' title="bbox 130 1949 1148 2030; baseline 0 -22"><span class='ocrx_word' id='word_1_167' title='bbox 130 1969 225 2026; x_wconf 85' lang='lat' dir='ltr'>quam</span> <span class='ocrx_word' id='word_1_168' title='bbox 248 1950 286 2008; x_wconf 85' lang='lat' dir='ltr'>ad</span> <span class='ocrx_word' id='word_1_169' title='bbox 307 1951 463 2009; x_wconf 85' lang='lat' dir='ltr'>mulierem</span> <span class='ocrx_word' id='word_1_170' title='bbox 475 1949 576 2030; x_wconf 69' lang='lat' dir='ltr'>habet,</span> <span class='ocrx_word' id='word_1_171' title='bbox 598 1951 636 2009; x_wconf 89' lang='lat' dir='ltr'>ad</span> <span class='ocrx_word' id='word_1_172' title='bbox 651 1951 746 2026; x_wconf 86' lang='lat' dir='ltr'>ipsam</span> <span class='ocrx_word' id='word_1_173' title='bbox 761 1950 874 2010; x_wconf 84' lang='lat' dir='ltr'>accedit</span> <span class='ocrx_word' id='word_1_174' title='bbox 888 1951 1013 2009; x_wconf 86' lang='lat' dir='ltr'>muliere</span> <span class='ocrx_word' id='word_1_175' title='bbox 1029 1969 1148 2026; x_wconf 87' lang='lat' dir='ltr'>quoquc</span> 
     </span>
     <span class='ocr_line' id='line_1_21' title="bbox 130 2033 1192 2110; baseline 0.001 -13"><span class='ocrx_word' id='word_1_176' title='bbox 130 2042 249 2099; x_wconf 86' lang='lat' dir='ltr'>rectum</span> <span class='ocrx_word' id='word_1_177' title='bbox 279 2057 409 2098; x_wconf 88' lang='lat' dir='ltr'>amorem</span> <span class='ocrx_word' id='word_1_178' title='bbox 440 2040 476 2098; x_wconf 89' lang='lat' dir='ltr'>ad</span> <span class='ocrx_word' id='word_1_179' title='bbox 508 2039 608 2100; x_wconf 83' lang='lat' dir='ltr'>virum</span> <span class='ocrx_word' id='word_1_180' title='bbox 638 2042 711 2100; x_wconf 89' lang='lat' dir='ltr'>tunc</span> <span class='ocrx_word' id='word_1_181' title='bbox 736 2041 768 2099; x_wconf 88' lang='lat' dir='ltr'>in</span> <span class='ocrx_word' id='word_1_182' title='bbox 796 2040 897 2098; x_wconf 84' lang='lat' dir='ltr'>eadem</span> <span class='ocrx_word' id='word_1_183' title='bbox 919 2038 994 2098; x_wconf 84' lang='lat' dir='ltr'>hora</span> <span class='ocrx_word' id='word_1_184' title='bbox 1015 2033 1147 2110; x_wconf 79' lang='lat' dir='ltr'>hebente,</span> <span class='ocrx_word' id='word_1_185' title='bbox 1161 2051 1192 2098; x_wconf 73' lang='lat' dir='ltr'>uo</span> 
     </span>
     <span class='ocr_line' id='line_1_22' title="bbox 131 2127 1148 2204; baseline 0.001 -18"><span class='ocrx_word' id='word_1_186' title='bbox 131 2129 284 2188; x_wconf 87' lang='lat' dir='ltr'>masculus</span> <span class='ocrx_word' id='word_1_187' title='bbox 308 2128 488 2204; x_wconf 82' lang='lat' dir='ltr'>concipitur,</span> <span class='ocrx_word' id='word_1_188' title='bbox 521 2128 592 2204; x_wconf 84' lang='lat' dir='ltr'>quie</span> <span class='ocrx_word' id='word_1_189' title='bbox 614 2129 655 2188; x_wconf 81' lang='lat' dir='ltr'>sic</span> <span class='ocrx_word' id='word_1_190' title='bbox 678 2149 695 2188; x_wconf 84' lang='lat' dir='ltr'>a</span> <span class='ocrx_word' id='word_1_191' title='bbox 718 2129 773 2188; x_wconf 85' lang='lat' dir='ltr'>deo</span> <span class='ocrx_word' id='word_1_192' title='bbox 797 2128 967 2188; x_wconf 81' lang='lat' dir='ltr'>ordinatum</span> <span class='ocrx_word' id='word_1_193' title='bbox 991 2133 1043 2191; x_wconf 86' lang='lat' dir='ltr'>est.</span> <span class='ocrx_word' id='word_1_194' title='bbox 1088 2127 1148 2188; x_wconf 88' lang='lat' dir='ltr'>Nec</span> 
     </span>
     <span class='ocr_line' id='line_1_23' title="bbox 131 2217 1151 2296; baseline 0.001 -21"><span class='ocrx_word' id='word_1_195' title='bbox 131 2218 221 2276; x_wconf 89' lang='lat' dir='ltr'>aliter</span> <span class='ocrx_word' id='word_1_196' title='bbox 242 2217 308 2276; x_wconf 89' lang='lat' dir='ltr'>fiori</span> <span class='ocrx_word' id='word_1_197' title='bbox 329 2220 444 2294; x_wconf 82' lang='lat' dir='ltr'>potest,</span> <span class='ocrx_word' id='word_1_198' title='bbox 469 2218 542 2292; x_wconf 90' lang='lat' dir='ltr'>quin</span> <span class='ocrx_word' id='word_1_199' title='bbox 564 2219 713 2278; x_wconf 85' lang='lat' dir='ltr'>masculus</span> <span class='ocrx_word' id='word_1_200' title='bbox 736 2219 933 2296; x_wconf 84' lang='lat' dir='ltr'>concipiatur,</span> <span class='ocrx_word' id='word_1_201' title='bbox 956 2218 1094 2294; x_wconf 81' lang='lat' dir='ltr'>quonism</span> <span class='ocrx_word' id='word_1_202' title='bbox 1119 2220 1151 2277; x_wconf 90' lang='lat' dir='ltr'>et</span> 
     </span>
     <span class='ocr_line' id='line_1_24' title="bbox 131 2306 1147 2384; baseline 0 -19"><span class='ocrx_word' id='word_1_203' title='bbox 131 2306 229 2365; x_wconf 85' lang='lat' dir='ltr'>Adam</span> <span class='ocrx_word' id='word_1_204' title='bbox 253 2307 400 2368; x_wconf 84' lang='lat' dir='ltr'>formatus</span> <span class='ocrx_word' id='word_1_205' title='bbox 423 2310 468 2368; x_wconf 89' lang='lat' dir='ltr'>est</span> <span class='ocrx_word' id='word_1_206' title='bbox 490 2307 630 2379; x_wconf 87' lang='lat' dir='ltr'>delimo,</span> <span class='ocrx_word' id='word_1_207' title='bbox 653 2308 706 2384; x_wconf 90' lang='lat' dir='ltr'>qui</span> <span class='ocrx_word' id='word_1_208' title='bbox 728 2308 837 2367; x_wconf 87' lang='lat' dir='ltr'>fortior</span> <span class='ocrx_word' id='word_1_209' title='bbox 856 2308 983 2368; x_wconf 83' lang='lat' dir='ltr'>materia</span> <span class='ocrx_word' id='word_1_210' title='bbox 998 2310 1043 2368; x_wconf 90' lang='lat' dir='ltr'>est</span> <span class='ocrx_word' id='word_1_211' title='bbox 1058 2327 1147 2384; x_wconf 89' lang='lat' dir='ltr'>quam</span> 
     </span>
     <span class='ocr_line' id='line_1_25' title="bbox 130 2395 1148 2472; baseline 0.002 -18"><span class='ocrx_word' id='word_1_212' title='bbox 130 2413 207 2457; x_wconf 91' lang='lat' dir='ltr'>caro.</span> <span class='ocrx_word' id='word_1_213' title='bbox 241 2395 283 2456; x_wconf 82' lang='lat' dir='ltr'>Et</span> <span class='ocrx_word' id='word_1_214' title='bbox 304 2396 352 2454; x_wconf 91' lang='lat' dir='ltr'>hic</span> <span class='ocrx_word' id='word_1_215' title='bbox 375 2396 523 2456; x_wconf 79' lang='lat' dir='ltr'>masculus</span> <span class='ocrx_word' id='word_1_216' title='bbox 545 2397 676 2472; x_wconf 86' lang='lat' dir='ltr'>prudens</span> <span class='ocrx_word' id='word_1_217' title='bbox 699 2400 729 2456; x_wconf 86' lang='lat' dir='ltr'>et</span> <span class='ocrx_word' id='word_1_218' title='bbox 750 2398 903 2457; x_wconf 81' lang='lat' dir='ltr'>virtuosus</span> <span class='ocrx_word' id='word_1_219' title='bbox 926 2397 991 2468; x_wconf 70' lang='lat' dir='ltr'>erit</span> <span class='ocrx_word' id='word_1_220' title='bbox 1015 2396 1086 2472; x_wconf 89' lang='lat' dir='ltr'>quia</span> <span class='ocrx_word' id='word_1_221' title='bbox 1105 2396 1148 2456; x_wconf 90' lang='lat' dir='ltr'>sic</span> 
     </span>
     <span class='ocr_line' id='line_1_26' title="bbox 129 2484 1192 2562; baseline 0 -18"><span class='ocrx_word' id='word_1_222' title='bbox 129 2484 161 2544; x_wconf 91' lang='lat' dir='ltr'>in</span> <span class='ocrx_word' id='word_1_223' title='bbox 194 2484 268 2544; x_wconf 85' lang='lat' dir='ltr'>forti</span> <span class='ocrx_word' id='word_1_224' title='bbox 298 2485 407 2544; x_wconf 87' lang='lat' dir='ltr'>semine</span> <span class='ocrx_word' id='word_1_225' title='bbox 438 2504 473 2544; x_wconf 91' lang='lat' dir='ltr'>ac</span> <span class='ocrx_word' id='word_1_226' title='bbox 500 2485 532 2543; x_wconf 88' lang='lat' dir='ltr'>iu</span> <span class='ocrx_word' id='word_1_227' title='bbox 559 2487 639 2546; x_wconf 85' lang='lat' dir='ltr'>recto</span> <span class='ocrx_word' id='word_1_228' title='bbox 664 2504 763 2545; x_wconf 86' lang='lat' dir='ltr'>amoro</span> <span class='ocrx_word' id='word_1_229' title='bbox 786 2486 918 2546; x_wconf 81' lang='lat' dir='ltr'>caritatis</span> <span class='ocrx_word' id='word_1_230' title='bbox 940 2489 1146 2562; x_wconf 88' lang='lat' dir='ltr'>utrorumque,</span> <span class='ocrx_word' id='word_1_231' title='bbox 1159 2499 1192 2544; x_wconf 66' lang='lat'>25</span> 
     </span>
     <span class='ocr_line' id='line_1_27' title="bbox 130 2573 1148 2651; baseline 0.002 -19"><span class='ocrx_word' id='word_1_232' title='bbox 130 2592 221 2649; x_wconf 89' lang='lat' dir='ltr'>quem</span> <span class='ocrx_word' id='word_1_233' title='bbox 248 2573 286 2632; x_wconf 87' lang='lat' dir='ltr'>ad</span> <span class='ocrx_word' id='word_1_234' title='bbox 313 2574 439 2635; x_wconf 82' lang='lat' dir='ltr'>invicem</span> <span class='ocrx_word' id='word_1_235' title='bbox 466 2574 589 2650; x_wconf 85' lang='lat' dir='ltr'>habent,</span> <span class='ocrx_word' id='word_1_236' title='bbox 621 2581 780 2651; x_wconf 87' lang='lat' dir='ltr'>conceptus</span> <span class='ocrx_word' id='word_1_237' title='bbox 810 2580 863 2636; x_wconf 86' lang='lat' dir='ltr'>est.</span> <span class='ocrx_word' id='word_1_238' title='bbox 908 2574 941 2634; x_wconf 87' lang='lat' dir='ltr'>Si</span> <span class='ocrx_word' id='word_1_239' title='bbox 970 2576 1071 2633; x_wconf 86' lang='lat' dir='ltr'>cutem</span> <span class='ocrx_word' id='word_1_240' title='bbox 1099 2574 1148 2634; x_wconf 89' lang='lat' dir='ltr'>hic</span> 
     </span>
     <span class='ocr_line' id='line_1_28' title="bbox 131 2662 1147 2742; baseline 0 -21"><span class='ocrx_word' id='word_1_241' title='bbox 131 2681 217 2722; x_wconf 91' lang='lat' dir='ltr'>amor</span> <span class='ocrx_word' id='word_1_242' title='bbox 240 2662 322 2723; x_wconf 81' lang='lat' dir='ltr'>deest</span> <span class='ocrx_word' id='word_1_243' title='bbox 343 2664 374 2722; x_wconf 88' lang='lat' dir='ltr'>iu</span> <span class='ocrx_word' id='word_1_244' title='bbox 402 2663 527 2723; x_wconf 84' lang='lat' dir='ltr'>muliere</span> <span class='ocrx_word' id='word_1_245' title='bbox 554 2664 591 2722; x_wconf 87' lang='lat' dir='ltr'>ad</span> <span class='ocrx_word' id='word_1_246' title='bbox 623 2665 735 2735; x_wconf 81' lang='lat' dir='ltr'>virum,</span> <span class='ocrx_word' id='word_1_247' title='bbox 767 2664 810 2742; x_wconf 82' lang='lat' dir='ltr'>ita</span> <span class='ocrx_word' id='word_1_248' title='bbox 839 2664 920 2741; x_wconf 87' lang='lat' dir='ltr'>quod</span> <span class='ocrx_word' id='word_1_249' title='bbox 953 2665 1070 2724; x_wconf 87' lang='lat' dir='ltr'>tantum</span> <span class='ocrx_word' id='word_1_250' title='bbox 1100 2664 1147 2723; x_wconf 87' lang='lat' dir='ltr'>vir</span> 
     </span>
     <span class='ocr_line' id='line_1_29' title="bbox 128 2752 1148 2829; baseline 0.002 -19"><span class='ocrx_word' id='word_1_251' title='bbox 128 2755 247 2811; x_wconf 90' lang='lat' dir='ltr'>rectum</span> <span class='ocrx_word' id='word_1_252' title='bbox 275 2771 405 2812; x_wconf 81' lang='lat' dir='ltr'>amorem</span> <span class='ocrx_word' id='word_1_253' title='bbox 433 2753 564 2813; x_wconf 89' lang='lat' dir='ltr'>caritatis</span> <span class='ocrx_word' id='word_1_254' title='bbox 586 2753 617 2811; x_wconf 90' lang='lat' dir='ltr'>in</span> <span class='ocrx_word' id='word_1_255' title='bbox 639 2754 704 2829; x_wconf 89' lang='lat' dir='ltr'>ipsa</span> <span class='ocrx_word' id='word_1_256' title='bbox 726 2753 800 2812; x_wconf 86' lang='lat' dir='ltr'>hora</span> <span class='ocrx_word' id='word_1_257' title='bbox 822 2753 859 2812; x_wconf 86' lang='lat' dir='ltr'>ad</span> <span class='ocrx_word' id='word_1_258' title='bbox 881 2754 1036 2812; x_wconf 87' lang='lat' dir='ltr'>mulierem</span> <span class='ocrx_word' id='word_1_259' title='bbox 1058 2752 1148 2813; x_wconf 86' lang='lat' dir='ltr'>habet</span> 
     </span>
     <span class='ocr_line' id='line_1_30' title="bbox 128 2841 1144 2919; baseline 0.004 -21"><span class='ocrx_word' id='word_1_260' title='bbox 128 2843 159 2900; x_wconf 89' lang='lat' dir='ltr'>et</span> <span class='ocrx_word' id='word_1_261' title='bbox 180 2859 240 2900; x_wconf 90' lang='lat' dir='ltr'>non</span> <span class='ocrx_word' id='word_1_262' title='bbox 262 2841 372 2901; x_wconf 89' lang='lat' dir='ltr'>mulier</span> <span class='ocrx_word' id='word_1_263' title='bbox 395 2841 431 2900; x_wconf 85' lang='lat' dir='ltr'>ad</span> <span class='ocrx_word' id='word_1_264' title='bbox 455 2842 562 2919; x_wconf 83' lang='lat' dir='ltr'>virum,</span> <span class='ocrx_word' id='word_1_265' title='bbox 586 2844 616 2901; x_wconf 89' lang='lat' dir='ltr'>et</span> <span class='ocrx_word' id='word_1_266' title='bbox 639 2843 664 2901; x_wconf 88' lang='lat' dir='ltr'>si</span> <span class='ocrx_word' id='word_1_267' title='bbox 687 2861 786 2902; x_wconf 83' lang='lat' dir='ltr'>seman</span> <span class='ocrx_word' id='word_1_268' title='bbox 808 2843 866 2901; x_wconf 84' lang='lat' dir='ltr'>viri</span> <span class='ocrx_word' id='word_1_269' title='bbox 888 2843 967 2902; x_wconf 86' lang='lat' dir='ltr'>forto</span> <span class='ocrx_word' id='word_1_270' title='bbox 989 2845 1046 2902; x_wconf 86' lang='lat' dir='ltr'>est:</span> <span class='ocrx_word' id='word_1_271' title='bbox 1069 2860 1144 2902; x_wconf 87' lang='lat' dir='ltr'>mas·</span> 
     </span>
     <span class='ocr_line' id='line_1_31' title="bbox 128 2929 1192 3009; baseline 0.002 -21"><span class='ocrx_word' id='word_1_272' title='bbox 128 2929 215 2989; x_wconf 84' lang='lat' dir='ltr'>culus</span> <span class='ocrx_word' id='word_1_273' title='bbox 245 2933 345 2990; x_wconf 80' lang='lat' dir='ltr'>tamen</span> <span class='ocrx_word' id='word_1_274' title='bbox 377 2930 556 3008; x_wconf 87' lang='lat' dir='ltr'>concipitur,</span> <span class='ocrx_word' id='word_1_275' title='bbox 588 2932 669 3006; x_wconf 84' lang='lat' dir='ltr'>quod</span> <span class='ocrx_word' id='word_1_276' title='bbox 696 2951 780 2992; x_wconf 85' lang='lat' dir='ltr'>amor</span> <span class='ocrx_word' id='word_1_277' title='bbox 807 2932 940 2992; x_wconf 82' lang='lat' dir='ltr'>ueritatis</span> <span class='ocrx_word' id='word_1_278' title='bbox 963 2931 1021 2993; x_wconf 86' lang='lat' dir='ltr'>viri</span> <span class='ocrx_word' id='word_1_279' title='bbox 1043 2950 1144 3009; x_wconf 84' lang='lat' dir='ltr'>super·</span> <span class='ocrx_word' id='word_1_280' title='bbox 1159 2944 1192 2990; x_wconf 74' lang='lat' dir='ltr'>eo</span> 
     </span>
     <span class='ocr_line' id='line_1_32' title="bbox 129 3017 1146 3096; baseline 0.003 -18"><span class='ocrx_word' id='word_1_281' title='bbox 129 3017 254 3078; x_wconf 85' lang='lat' dir='ltr'>excellit.</span> <span class='ocrx_word' id='word_1_282' title='bbox 288 3018 344 3079; x_wconf 81' lang='lat' dir='ltr'>Sed</span> <span class='ocrx_word' id='word_1_283' title='bbox 367 3019 445 3080; x_wconf 86' lang='lat' dir='ltr'>idem</span> <span class='ocrx_word' id='word_1_284' title='bbox 468 3021 620 3080; x_wconf 85' lang='lat' dir='ltr'>masculus</span> <span class='ocrx_word' id='word_1_285' title='bbox 643 3020 748 3080; x_wconf 80' lang='lat' dir='ltr'>debilis</span> <span class='ocrx_word' id='word_1_286' title='bbox 772 3021 830 3081; x_wconf 88' lang='lat' dir='ltr'>erit</span> <span class='ocrx_word' id='word_1_287' title='bbox 852 3025 882 3081; x_wconf 90' lang='lat' dir='ltr'>et</span> <span class='ocrx_word' id='word_1_288' title='bbox 904 3039 963 3080; x_wconf 89' lang='lat' dir='ltr'>non</span> <span class='ocrx_word' id='word_1_289' title='bbox 984 3021 1146 3096; x_wconf 82' lang='lat' dir='ltr'>virtuosus,</span> 
     </span>
     <span class='ocr_line' id='line_1_33' title="bbox 130 3108 1145 3183; baseline 0.001 -16"><span class='ocrx_word' id='word_1_290' title='bbox 130 3108 273 3183; x_wconf 87' lang='lat' dir='ltr'>quoniam</span> <span class='ocrx_word' id='word_1_291' title='bbox 296 3109 344 3168; x_wconf 92' lang='lat' dir='ltr'>hic</span> <span class='ocrx_word' id='word_1_292' title='bbox 368 3128 451 3168; x_wconf 86' lang='lat' dir='ltr'>amor</span> <span class='ocrx_word' id='word_1_293' title='bbox 472 3109 504 3168; x_wconf 89' lang='lat' dir='ltr'>in</span> <span class='ocrx_word' id='word_1_294' title='bbox 526 3109 652 3168; x_wconf 89' lang='lat' dir='ltr'>muliere</span> <span class='ocrx_word' id='word_1_295' title='bbox 675 3109 833 3171; x_wconf 81' lang='lat' dir='ltr'>advirum</span> <span class='ocrx_word' id='word_1_296' title='bbox 857 3111 960 3173; x_wconf 78' lang='lat' dir='ltr'>defuit.</span> <span class='ocrx_word' id='word_1_297' title='bbox 999 3110 1145 3181; x_wconf 80' lang='lat' dir='ltr'>Quoniam</span> 
     </span>
     <span class='ocr_line' id='line_1_34' title="bbox 128 3197 1146 3274; baseline 0 -18"><span class='ocrx_word' id='word_1_298' title='bbox 128 3198 274 3256; x_wconf 87' lang='lat' dir='ltr'>siscmen</span> <span class='ocrx_word' id='word_1_299' title='bbox 297 3197 355 3259; x_wconf 83' lang='lat' dir='ltr'>viri</span> <span class='ocrx_word' id='word_1_300' title='bbox 377 3201 466 3257; x_wconf 86' lang='lat' dir='ltr'>tenua</span> <span class='ocrx_word' id='word_1_301' title='bbox 498 3201 554 3273; x_wconf 88' lang='lat' dir='ltr'>est,</span> <span class='ocrx_word' id='word_1_302' title='bbox 588 3198 640 3274; x_wconf 90' lang='lat' dir='ltr'>qui</span> <span class='ocrx_word' id='word_1_303' title='bbox 671 3201 771 3259; x_wconf 86' lang='lat' dir='ltr'>tamen</span> <span class='ocrx_word' id='word_1_304' title='bbox 797 3218 928 3262; x_wconf 86' lang='lat' dir='ltr'>amorem</span> <span class='ocrx_word' id='word_1_305' title='bbox 954 3200 1085 3260; x_wconf 85' lang='lat' dir='ltr'>caritatis</span> <span class='ocrx_word' id='word_1_306' title='bbox 1108 3198 1146 3257; x_wconf 76' lang='lat' dir='ltr'>ad</span> 
     </span>
     <span class='ocr_line' id='line_1_35' title="bbox 126 3285 1145 3364; baseline 0.002 -21"><span class='ocrx_word' id='word_1_307' title='bbox 126 3285 283 3346; x_wconf 86' lang='lat' dir='ltr'>mulierem</span> <span class='ocrx_word' id='word_1_308' title='bbox 313 3286 415 3363; x_wconf 84' lang='lat' dir='ltr'>habet,</span> <span class='ocrx_word' id='word_1_309' title='bbox 447 3290 478 3346; x_wconf 89' lang='lat' dir='ltr'>et</span> <span class='ocrx_word' id='word_1_310' title='bbox 503 3288 568 3364; x_wconf 90' lang='lat' dir='ltr'>ipsa</span> <span class='ocrx_word' id='word_1_311' title='bbox 595 3288 721 3348; x_wconf 86' lang='lat' dir='ltr'>eundem</span> <span class='ocrx_word' id='word_1_312' title='bbox 749 3308 880 3348; x_wconf 86' lang='lat' dir='ltr'>amorem</span> <span class='ocrx_word' id='word_1_313' title='bbox 903 3289 941 3348; x_wconf 85' lang='lat' dir='ltr'>ad</span> <span class='ocrx_word' id='word_1_314' title='bbox 970 3289 1070 3364; x_wconf 86' lang='lat' dir='ltr'>illum,</span> <span class='ocrx_word' id='word_1_315' title='bbox 1102 3288 1145 3346; x_wconf 91' lang='lat' dir='ltr'>ibi</span> 
     </span>
     <span class='ocr_line' id='line_1_36' title="bbox 127 3374 1184 3452; baseline 0.001 -19"><span class='ocrx_word' id='word_1_316' title='bbox 127 3374 238 3434; x_wconf 86' lang='lat' dir='ltr'>femina</span> <span class='ocrx_word' id='word_1_317' title='bbox 268 3376 404 3436; x_wconf 82' lang='lat' dir='ltr'>virtuosa</span> <span class='ocrx_word' id='word_1_318' title='bbox 433 3379 617 3452; x_wconf 89' lang='lat' dir='ltr'>procreatur.</span> <span class='ocrx_word' id='word_1_319' title='bbox 662 3376 695 3436; x_wconf 86' lang='lat' dir='ltr'>Si</span> <span class='ocrx_word' id='word_1_320' title='bbox 720 3396 790 3438; x_wconf 82' lang='lat' dir='ltr'>vero</span> <span class='ocrx_word' id='word_1_321' title='bbox 818 3396 903 3437; x_wconf 85' lang='lat' dir='ltr'>amor</span> <span class='ocrx_word' id='word_1_322' title='bbox 926 3378 1061 3438; x_wconf 85' lang='lat' dir='ltr'>caritatis</span> <span class='ocrx_word' id='word_1_323' title='bbox 1083 3377 1142 3436; x_wconf 86' lang='lat' dir='ltr'>viri</span> <span class='ocrx_word' id='word_1_324' title='bbox 1155 3387 1184 3434; x_wconf 81' lang='lat'>³5</span> 
     </span>
     <span class='ocr_line' id='line_1_37' title="bbox 128 3464 1145 3542; baseline 0.001 -18"><span class='ocrx_word' id='word_1_325' title='bbox 128 3469 171 3524; x_wconf 87' lang='lat' dir='ltr'>cst</span> <span class='ocrx_word' id='word_1_326' title='bbox 194 3464 233 3524; x_wconf 85' lang='lat' dir='ltr'>ad</span> <span class='ocrx_word' id='word_1_327' title='bbox 254 3464 411 3524; x_wconf 88' lang='lat' dir='ltr'>mulierem</span> <span class='ocrx_word' id='word_1_328' title='bbox 433 3466 463 3524; x_wconf 90' lang='lat' dir='ltr'>ct</span> <span class='ocrx_word' id='word_1_329' title='bbox 484 3484 543 3525; x_wconf 87' lang='lat' dir='ltr'>non</span> <span class='ocrx_word' id='word_1_330' title='bbox 566 3466 701 3526; x_wconf 90' lang='lat' dir='ltr'>mulieris</span> <span class='ocrx_word' id='word_1_331' title='bbox 724 3466 761 3525; x_wconf 84' lang='lat' dir='ltr'>ad</span> <span class='ocrx_word' id='word_1_332' title='bbox 786 3467 896 3542; x_wconf 90' lang='lat' dir='ltr'>virum,</span> <span class='ocrx_word' id='word_1_333' title='bbox 928 3468 976 3528; x_wconf 88' lang='lat' dir='ltr'>vel</span> <span class='ocrx_word' id='word_1_334' title='bbox 1006 3467 1030 3527; x_wconf 91' lang='lat' dir='ltr'>si</span> <span class='ocrx_word' id='word_1_335' title='bbox 1061 3485 1145 3526; x_wconf 86' lang='lat' dir='ltr'>amor</span> 
     </span>
     <span class='ocr_line' id='line_1_38' title="bbox 128 3553 1143 3631; baseline 0.001 -19"><span class='ocrx_word' id='word_1_336' title='bbox 128 3553 261 3613; x_wconf 86' lang='lat' dir='ltr'>caritatis</span> <span class='ocrx_word' id='word_1_337' title='bbox 283 3554 315 3612; x_wconf 87' lang='lat' dir='ltr'>in</span> <span class='ocrx_word' id='word_1_338' title='bbox 337 3553 462 3613; x_wconf 86' lang='lat' dir='ltr'>muliere</span> <span class='ocrx_word' id='word_1_339' title='bbox 485 3556 529 3614; x_wconf 91' lang='lat' dir='ltr'>cst</span> <span class='ocrx_word' id='word_1_340' title='bbox 552 3554 588 3614; x_wconf 85' lang='lat' dir='ltr'>ed</span> <span class='ocrx_word' id='word_1_341' title='bbox 612 3554 711 3614; x_wconf 83' lang='lat' dir='ltr'>virum</span> <span class='ocrx_word' id='word_1_342' title='bbox 734 3558 765 3616; x_wconf 87' lang='lat' dir='ltr'>et</span> <span class='ocrx_word' id='word_1_343' title='bbox 778 3573 838 3614; x_wconf 90' lang='lat' dir='ltr'>non</span> <span class='ocrx_word' id='word_1_344' title='bbox 854 3556 911 3616; x_wconf 82' lang='lat' dir='ltr'>viri</span> <span class='ocrx_word' id='word_1_345' title='bbox 926 3556 964 3616; x_wconf 85' lang='lat' dir='ltr'>ad</span> <span class='ocrx_word' id='word_1_346' title='bbox 978 3555 1143 3631; x_wconf 85' lang='lat' dir='ltr'>mulierem,</span> 
     </span>
    </p>
   </div>
   <div class='ocr_carea' id='block_1_3' title="bbox 981 3657 1019 3710">
    <p class='ocr_par' dir='ltr' id='par_1_5' title="bbox 981 3657 1019 3710">
     <span class='ocr_line' id='line_1_39' title="bbox 981 3657 1019 3710; baseline 0 -20"><span class='ocrx_word' id='word_1_347' title='bbox 981 3657 1019 3710; x_wconf 60' lang='lat'>3*</span> 
     </span>
    </p>
   </div>
   <div class='ocr_carea' id='block_1_4' title="bbox 0 0 1344 3938">
    <p class='ocr_par' dir='ltr' id='par_1_6' title="bbox 0 0 1344 3938">
     <span class='ocr_line' id='line_1_40' title="bbox 0 0 1344 3938; baseline 0 0"><span class='ocrx_word' id='word_1_348' title='bbox 0 0 1344 3938; x_wconf 95' lang='lat' dir='ltr'> </span> 
     </span>
    </p>
   </div>
  </div>
 </body>
</html>
