2680 3938
398 159 540 215 OAUSAE
558 160 605 215 ΕΤ
624 160 747 218 cauas
765 161 833 218 LlB.
850 163 886 218 ΙΙ.
1111 171 1152 230 45

126 347 162 406 in
197 364 233 405 eo
265 346 318 404 est.
364 343 405 402 Iit
438 345 519 402 terra
550 363 618 404 oum
645 364 732 405 carne
759 347 886 407 hominis
915 348 947 406 in
970 348 1067 408 calore
1090 349 1152 408 eius

126 434 338 512 frigiditatem,
361 433 393 491 in
415 433 585 509 frigiditate
601 435 664 495 eius
680 434 817 511 calorem,
840 436 873 494 in
887 437 1068 497 incremento
1084 439 1152 498 viri-

128 525 265 595 ditatem,
297 523 328 580 in
360 521 526 582 defectione
548 523 726 600 ariditatem,
757 525 790 583 in
816 527 1032 602 germinatione
1055 527 1150 588 vivifi·

128 614 286 686 ostionem,
318 611 350 670 in
376 611 626 688 multiplicatione
649 614 900 687 sustentationem,
933 616 965 674 in
993 614 1149 692 subporta-

126 703 213 762 tione
244 700 376 760 omnium
410 700 612 760 membrorum
639 703 733 778 ipsius
762 705 989 779 compassionem
1013 706 1179 768 ostendito

127 793 171 851 Et
202 791 291 850 homo
320 789 356 848 de
383 790 452 867 igne
480 791 699 851 sensualitatem
727 795 758 852 et
781 792 961 852 desiderium
983 794 1085 868 trahit,
1115 795 1151 854 da

129 900 199 941 aere
221 883 321 939 autem
344 879 541 956 cogitationes
556 883 587 940 et
601 882 798 959 vagationem,
821 882 858 941 da
874 902 952 958 aqna
973 901 1044 942 vero
1061 883 1151 943 scien·

131 971 206 1030 tiam
229 972 260 1028 et
282 968 454 1029 motionem.

198 1060 246 1118 De
277 1057 362 1117 Adae
391 1058 596 1130 autenticae.
640 1058 738 1118 Adam
770 1061 848 1119 enim
879 1078 946 1119 cum
974 1064 1054 1120 terra
1082 1061 1150 1134 fuit,

128 1148 209 1227 ignis
243 1166 311 1206 eum
338 1147 486 1219 excitavit,
518 1151 549 1206 et
575 1167 626 1206 aer
648 1167 717 1208 eum
739 1149 904 1222 suscitavit,
928 1152 959 1209 et
981 1169 1059 1227 aqua
1082 1158 1193 1210 eum10

128 1236 273 1314 perfudit,
306 1236 387 1311 quod
415 1238 497 1296 totus
528 1233 715 1299 movebatur.
760 1239 843 1298 Tune
866 1239 938 1298 deus
961 1257 1096 1314 soporem
1120 1241 1151 1299 in

129 1346 202 1387 eum
223 1325 315 1401 misit,
337 1328 369 1384 et
390 1324 422 1383 in
442 1325 489 1384 his
504 1325 619 1386 viribus
635 1328 735 1386 coctus
751 1332 804 1404 est,
826 1328 870 1387 ita
893 1328 974 1404 quod
997 1347 1064 1390 caro
1088 1329 1151 1389 eius

131 1436 189 1493 per
211 1415 312 1492 ignem
341 1413 496 1476 aestuabat
518 1418 548 1474 et
571 1416 651 1492 quod
674 1436 728 1492 per
751 1436 849 1476 aerem
870 1418 996 1492 spiravit
1018 1423 1049 1478 et
1071 1418 1151 1495 quod

128 1506 211 1565 sicut
240 1503 444 1562 molendinum
474 1523 552 1580 aqua
581 1506 612 1563 in
640 1523 674 1564 eo
711 1505 857 1570 circuivit.
902 1506 960 1578 Qui
992 1511 1150 1584 postquam

129 1593 295 1671 evigilavit,
328 1592 475 1668 propheta
503 1594 674 1654 caelestium
701 1595 761 1655 fuit
789 1599 819 1656 et
845 1596 937 1655 sciens
964 1597 995 1655 in
1018 1585 1191 1658 omniri15

128 1685 284 1743 creaturae
307 1682 390 1740 etin
413 1683 493 1740 omni
516 1685 579 1742 arte
602 1686 673 1746 erat.
725 1685 727 1691 '

198 1773 246 1831 De
269 1770 354 1830 Adae
371 1773 538 1844 prophetia.
583 1773 623 1832 Et
645 1773 718 1832 deus
741 1791 841 1832 omnes
864 1776 1013 1832 creaturas
1035 1774 1081 1833 illi
1104 1775 1150 1834 do·

127 1861 183 1936 dit,
207 1860 348 1936 quatinus
370 1861 452 1920 virili
474 1863 505 1921 vi
533 1879 579 1920 eas
602 1865 778 1938 penetraret,
805 1862 946 1938 quoniam
973 1862 1040 1922 illas
1064 1863 1152 1923 scivit

128 1953 161 2010 et
184 1950 332 2026 cognovit.
377 1947 453 2008 Nam
480 1950 542 2025 ipse
569 1950 658 2010 homo
687 1951 782 2010 omnis
806 1952 941 2010 creatura
963 1955 1017 2024 est,
1041 1954 1071 2010 et
1093 1953 1150 2029 spi·

128 2057 232 2098 remen
254 2038 333 2097 vitae
356 2039 388 2096 in
411 2058 446 2099 eo
470 2043 523 2115 est,
547 2040 627 2115 quod
649 2039 737 2099 finem
760 2041 839 2100 vitae
862 2059 921 2100 non
942 2039 1041 2104 habet.
1164 2049 1192 2094 20

197 2128 242 2187 De
264 2129 385 2187 animae
415 2129 577 2201 infusione.
623 2128 709 2199 Quod
743 2130 821 2188 enim
852 2130 950 2188 anima
975 2129 1012 2189 in
1041 2149 1150 2206 corpus

128 2217 276 2289 mittitur,
299 2217 448 2292 spiramen
471 2221 527 2294 est,
558 2220 588 2278 et
611 2237 628 2276 a
651 2218 706 2278 deo
729 2219 853 2278 missum
875 2220 927 2295 est,
956 2237 989 2278 ao
1012 2239 1064 2296 per
1087 2239 1149 2280 cor·

127 2305 245 2383 poralia
268 2324 365 2382 opera,
393 2307 455 2366 sire
477 2308 556 2366 bona
578 2307 639 2368 sire
661 2308 740 2366 mala
763 2309 841 2382 sunt,
869 2309 1010 2367 meritum
1033 2310 1150 2385 accipit

127 2396 168 2454 Et
197 2395 269 2454 haec
299 2414 391 2471 opera
427 2397 513 2472 quasi
549 2415 693 2474 compago
724 2397 900 2458 meritorum
932 2401 1010 2458 sunt.
1065 2398 1150 2458 Sicut

127 2485 209 2544 enim
240 2484 336 2544 infans
368 2485 466 2561 primo
497 2487 602 2562 nescit,
634 2487 715 2561 quod
746 2490 850 2562 postea
879 2486 1036 2563 intelligit,
1069 2488 1147 2564 quia,
1162 2493 1190 2540 25

130 2593 198 2634 cnm
222 2574 369 2634 maturior
392 2575 456 2650 erit,
479 2575 671 2652 intellectum,
695 2577 748 2651 qui
770 2576 868 2636 omnia
886 2575 1038 2652 intelligit,
1061 2577 1148 2652 capit,

130 2665 161 2722 et
195 2663 273 2722 siout
302 2666 375 2722 tuno
404 2683 493 2740 opera
522 2683 576 2724 sua
607 2664 818 2724 considerando
846 2668 878 2724 et
904 2664 1062 2724 osculando
1086 2684 1148 2724 am·

125 2752 269 2829 plectitur
292 2755 321 2812 et
343 2753 422 2812 sicut
444 2757 547 2828 postea
567 2753 603 2813 de
627 2758 779 2814 senectute
800 2755 963 2832 fatigatur:
986 2754 1028 2813 sio
1051 2755 1149 2813 anima

125 2860 180 2918 per
216 2860 306 2918 opera
341 2842 521 2918 proficiendo
555 2843 699 2918 procedit.
754 2843 795 2902 Et
825 2844 861 2902 de
891 2842 975 2903 bonis
1008 2844 1148 2918 oporibus

128 2931 214 2991 velut
235 2931 330 3008 regali
353 2932 465 2991 amictu
487 2931 686 3004 cicumdatur‚
710 2932 747 2991 do
770 2933 856 2992 malis
876 2951 947 2993 vero
964 2933 1147 3009 obfuscatur,
1161 2939 1189 2984 30

127 3019 379 3096 quemadmodum
405 3020 496 3080 etiam
520 3025 600 3081 terra
623 3022 708 3099 aquis
730 3022 934 3097 perfunditnr;
957 3023 988 3080 et
1010 3022 1147 3098 quemad-

125 3108 250 3168 modum
265 3129 358 3186 aquae
373 3110 404 3168 in
419 3109 598 3186 quibusdam
620 3111 694 3170 loeis
716 3112 823 3186 fluunt,
848 3111 891 3171 ita
915 3111 1013 3169 anima
1039 3130 1148 3188 corpus

126 3198 283 3274 perfundit
305 3201 335 3258 et
357 3199 455 3273 ipsum
479 3218 586 3275 corpus
610 3200 739 3272 excellit,
768 3200 819 3259 sed
842 3203 872 3260 et
894 3201 959 3275 ipsa
982 3201 1075 3260 oculis
1099 3220 1146 3260 ex·

125 3288 285 3347 terioribus
308 3288 414 3348 clausis
437 3308 505 3348 cum
533 3289 692 3364 prophetia
720 3289 893 3349 multotiens
922 3289 1027 3348 futura
1056 3290 1146 3366 videt,

126 3377 197 3452 qnia
218 3377 281 3436 sine
304 3395 427 3454 corpore
451 3377 603 3438 scrivere
627 3379 815 3440 recordatur.
1159 3384 1187 3431 35

217 3466 263 3526 De
297 3463 384 3528 Adae
415 3484 528 3529 somno.
581 3465 653 3527 Post
683 3469 817 3542 primum
849 3486 978 3543 namque
1010 3485 1147 3527 somnum

126 3553 211 3614 Adae
234 3555 394 3632 prophetia
422 3557 485 3616 eius
518 3574 590 3614 vera
619 3556 692 3629 fuit,
725 3557 866 3632 quoniam
893 3555 1025 3615 nondum
1047 3573 1146 3630 pecca-
