2668 3924
212 179 273 238 196
596 170 841 226 HILDEGARDIS

163 348 167 358 ’
210 358 336 418 cttuuris
350 357 483 416 ieiunum
498 355 635 418 laederet.
680 355 786 413 Ethis
809 353 997 412 idemhomo
1020 373 1232 429 parmensem

208 449 320 521 utetur,
345 446 485 521 quatinus
507 447 591 503 tanto
615 443 683 520 plus
707 444 742 503 ab
766 444 807 502 eis
830 443 996 503 roboretur.

276 535 389 594 Contra
397 551 551 597 ceccaum.
571 533 674 592 Pulvis
686 536 788 592 contra
796 551 943 592 venenum
956 537 985 590 et
994 536 1097 590 contra
1106 533 1229 609 magica

208 623 310 696 verba3
330 626 360 682 et
380 624 537 683 sanitatem
552 627 583 682 et
596 623 806 681 fortitudinem
821 624 911 697 atque
926 622 1157 697 prosperitatem
1180 621 1231 679 illi

180 725 195 769 5
208 713 330 788 confert,
343 714 396 789 qui
408 732 476 771 eum
489 713 568 789 apud
581 731 611 771 se
622 715 732 789 portat.
760 711 871 786 Accipe
882 711 1081 770 storbcsaabtl
1093 711 1232 769 radicem

207 821 299 860 unam
318 821 387 860 cum
401 801 481 862 foliis
498 801 559 860 suis
574 805 605 860 et
619 802 733 859 malvae
749 800 861 859 radices
877 799 950 858 duas
972 819 1039 858 oum
1060 799 1141 858 foliis
1165 801 1232 859 suis

208 893 299 967 atque
317 891 498 968 plantaginis
518 893 631 966 septem
651 890 764 948 radices
785 908 854 948 oum
869 888 950 947 foliis
973 889 1042 958 suis,
1066 891 1096 946 et
1119 889 1229 948 herbas

207 980 280 1039 istas
296 999 364 1038 cum
379 981 488 1039 eisdem
503 979 653 1038 radicibus
674 979 735 1038 suis
755 980 786 1036 in
808 977 904 1037 medio
920 996 1018 1036 mense
1033 977 1132 1053 Aprili
1148 982 1180 1036 et
1195 979 1233 1036 in

207 1070 304 1128 media
324 1069 372 1128 die
391 1069 482 1128 evelle
503 1071 532 1126 et
553 1086 643 1142 super
662 1067 817 1126 humidam
836 1071 948 1126 terram
967 1085 1043 1141 pone
1063 1068 1093 1125 et
1108 1067 1231 1126 modice

168 1169 195 1215 ιο
208 1177 277 1217 cum
289 1178 367 1236 aqua
379 1177 509 1233 asperge,
521 1161 557 1215 ut
569 1157 755 1233 aliquamdiu
764 1156 873 1215 virides
884 1159 1081 1232 permaneant.
1104 1155 1144 1213 Et
1156 1175 1233 1214 cum

208 1247 245 1305 ad
261 1265 414 1322 vesperam
433 1246 494 1304 dies
517 1245 647 1322 inclinat,
671 1246 708 1304 ad
731 1245 919 1322 splendorem
939 1245 1010 1304 solis
1025 1263 1230 1322 ponesusque

208 1336 280 1395 dum
305 1336 350 1394 sol
373 1335 498 1396 deficiat.
538 1334 694 1394 Occidente
723 1341 823 1394 autem
850 1335 912 1393 sole
935 1353 982 1393 eas
1005 1333 1074 1392 inde
1096 1335 1171 1392 tolle
1196 1339 1232 1393 et

207 1424 329 1483 interim
351 1443 405 1500 por
427 1426 544 1483 noctem
566 1425 650 1482 illam
672 1443 762 1499 super
783 1423 938 1481 humidam
959 1427 1071 1481 terram
1093 1441 1170 1497 pone
1195 1429 1232 1483 et

207 1512 323 1573 modica
348 1532 425 1589 aqua
448 1531 578 1591 asperge,
601 1533 637 1572 ne
661 1514 720 1572 cito
744 1516 885 1575 arescant.
922 1513 962 1570 lit
976 1515 1049 1571 tunc
1071 1512 1100 1569 iu
1124 1512 1228 1586 primo

169 1616 194 1659 15
208 1621 293 1660 mane
311 1621 434 1661 aurorae
457 1603 607 1678 sequentis
630 1602 689 1661 diei
712 1621 820 1661 aurora
843 1604 983 1678 surgente
1003 1602 1035 1658 in
1050 1601 1148 1676 ipsum
1164 1601 1225 1660 fol-

207 1709 309 1768 gorem
334 1711 458 1751 aurorae
480 1710 575 1768 usque
599 1691 637 1750 ad
659 1691 780 1750 tertiam
802 1691 907 1750 horam
930 1690 990 1749 diei
1004 1691 1116 1750 iterum
1131 1707 1227 1766 super

207 1779 361 1838 humidam
384 1785 494 1840 terram
518 1781 629 1858 absque
652 1781 816 1856 aspersione
845 1799 939 1856 aquae
967 1798 1043 1854 pone
1066 1797 1160 1854 usque
1186 1780 1230 1838 ad

207 1870 335 1928 mediam
350 1871 436 1946 diem,
457 1889 525 1929 cum
537 1872 581 1930 sol
593 1870 631 1928 ad
642 1873 779 1928 austrum
789 1869 897 1946 vergit.
919 1868 1033 1928 Deinde
1046 1869 1083 1926 ad
1095 1868 1230 1927 mediam

209 1959 287 2018 diem
319 1979 367 2018 eas
397 1961 469 2020 tolle
501 1962 531 2018 et
554 1959 591 2017 ad
614 1962 751 2018 austrum
772 1959 804 2017 in
827 1958 1013 2034 splendorem
1037 1958 1105 2017 solis
1128 1975 1230 2034 usque

168 2059 196 2104 20
209 2048 246 2106 ad
268 2067 375 2107 nonam
397 2049 501 2108 horam
524 2049 656 2108 eiusdem
680 2048 739 2107 diei
767 2067 852 2124 pone,
882 2050 985 2123 postea
1015 2065 1062 2105 eas
1089 2047 1161 2106 tolle
1195 2053 1230 2106 et

207 2155 297 2212 super
319 2156 451 2212 pannum
473 2156 549 2214 pone
571 2138 671 2214 ligneo
695 2155 789 2196 assere
812 2137 976 2212 supposito,
1004 2136 1048 2194 ita
1075 2155 1110 2194 ne
1141 2135 1228 2194 dissi·

207 2228 318 2301 pentur
340 2228 394 2283 aut
417 2229 616 2298 conterantur,
649 2230 679 2285 et
702 2227 743 2285 sio
775 2245 822 2285 aas
845 2226 984 2301 permitte
1008 2226 1104 2284 iacere
1126 2243 1226 2301 usque

207 2314 358 2373 modicum
381 2318 448 2374 ante
471 2315 597 2373 mediam
621 2318 746 2376 noctem.
792 2316 831 2374 Et
852 2318 932 2390 tuno,
958 2333 1026 2373 cum
1048 2316 1115 2374 rota
1137 2314 1225 2389 aqui·

207 2404 284 2462 lonis
306 2406 343 2461 ut
364 2406 430 2462 rota
453 2403 613 2464 molendini
641 2423 671 2462 se
699 2404 870 2464 circumfert
900 2404 932 2462 in
954 2403 1089 2463 tenebras
1122 2422 1223 2462 rever·

167 2502 194 2548 25
207 2496 279 2565 tens,
303 2492 503 2569 quianullum
523 2494 688 2552 claritatem
703 2493 811 2552 habere
832 2496 932 2569 potest
947 2497 978 2552 et
994 2492 1135 2569 quoniam
1150 2496 1226 2552 tunc

208 2582 309 2640 omnia
331 2581 485 2642 tenebrosa
508 2585 538 2641 et
559 2585 703 2642 nocturna
727 2583 803 2640 mala
825 2581 957 2659 fugitiva
977 2584 1054 2656 sunt,
1079 2581 1150 2658 quia
1165 2599 1227 2640 nox

208 2672 245 2730 ad
279 2669 357 2729 diem
390 2674 463 2730 tunc
495 2671 631 2730 inclinari
665 2671 769 2748 debet,
808 2671 920 2732 scilicet
955 2671 1114 2747 paululum
1153 2674 1225 2730 ante

206 2760 335 2818 mediam
357 2764 485 2821 noctem:
509 2761 625 2820 easdem
647 2760 751 2820 herbas
780 2780 857 2836 pone
885 2761 916 2818 in
940 2760 1032 2818 altam
1064 2761 1227 2818 fenestram

208 2857 262 2906 aut
283 2849 403 2924 insuper
425 2850 559 2909 liminare
591 2851 696 2909 ianuae
731 2851 839 2910 autin
862 2850 993 2926 aliquem
1025 2849 1157 2923 hortum,
1188 2853 1227 2907 ut

167 2945 195 2990 ³0
208 2939 405 3012 temperatum
421 2957 517 2998 aerem
533 2939 640 2998 habere
656 2940 778 3015 possint,
798 2942 835 2998 ut
854 2940 892 2998 ab
913 2957 979 2997 aero
994 2939 1080 3014 tangi
1094 2937 1224 3012 valeant,

208 3028 238 3084 et
267 3026 309 3085 sic
339 3027 455 3086 iaceant
485 3047 581 3104 usque
613 3031 681 3104 post
708 3029 852 3104 pusillum
879 3026 991 3087 mediae
1014 3027 1120 3090 noctis.
1165 3025 1225 3085 Sed

207 3115 305 3174 media
327 3119 412 3175 nocte
434 3117 494 3176 iam
521 3120 669 3176 transacta
696 3136 744 3176 eas
778 3118 814 3176 de
847 3118 922 3185 loco,
956 3117 987 3174 in
1023 3135 1083 3192 quo
1117 3116 1225 3187 iacent,

208 3205 292 3263 aufer
314 3223 348 3263 ac
371 3223 418 3265 aas
440 3207 555 3266 modico
580 3207 676 3284 digito
700 3209 763 3265 tere
786 3210 816 3265 et
838 3206 880 3265 sic
902 3207 933 3263 in
956 3223 1070 3264 novum
1092 3204 1226 3281 pixidem

208 3311 284 3370 pone
306 3298 396 3370 atque
418 3296 568 3356 modicum
590 3295 736 3355 bisernum
759 3295 842 3371 addo,
874 3295 918 3354 ita
944 3299 1052 3370 tamen,
1084 3313 1120 3353 ne
1150 3293 1226 3352 odor

167 3391 195 3436 35
209 3382 369 3442 herbarum
392 3385 517 3444 istarum
541 3385 576 3443 ab
601 3386 690 3444 odore
712 3385 816 3444 bisemi
839 3386 1004 3459 superetur.
1050 3383 1090 3442 Et
1112 3383 1225 3443 bisam

208 3474 263 3533 iste
278 3473 465 3550 aliquamdiu
481 3475 613 3535 continet
636 3494 692 3546 eae,
716 3494 751 3534 ne
775 3476 954 3549 putrescant.
992 3472 1106 3532 Deinde
1130 3472 1222 3548 quili-

207 3562 258 3621 bet
280 3562 368 3623 homo
391 3564 497 3625 herbas
519 3565 591 3624 istas
615 3565 657 3624 sic
680 3567 797 3640 paratas
820 3581 875 3638 pro
897 3561 1028 3639 fuganda
1050 3561 1226 3621 infirmitate
