2680 3938
404 161 881 219 oausnnnnoonanma.1.
940 133 943 142 ’
1114 171 1153 231 21

136 366 194 408 neo
229 347 296 408 ideo
328 348 360 408 in
393 365 424 407 se
457 348 633 408 minoratur.
689 348 746 408 Sed
780 367 848 408 oum
883 347 984 408 eadem
1018 350 1158 410 animalia

136 437 320 513 moriuntur,
342 436 420 496 idem
444 455 495 498 aer
516 437 554 496 ad
576 438 870 522 pristinumstatum
893 457 981 498 suum
995 440 1157 500 revertitur

136 545 194 586 neo
225 526 293 585 inde
321 527 353 585 in
385 544 415 586 se
447 529 667 603 augmentatur,
698 527 750 587 sed
781 530 891 599 manet,
924 532 960 588 ut
981 529 1065 604 prius
1087 529 1156 592 fuit.

135 615 202 676 Aer
236 619 335 675 autem
366 617 514 689 terrenus,
547 617 600 691 qui
631 621 743 675 terram
773 617 938 692 humectat,
974 617 1092 678 arbores
1126 622 1157 678 et

135 704 246 764 herbas
276 704 419 764 virescere
447 707 478 764 et
509 723 636 765 oresoere
664 724 699 765 ao
721 706 832 766 moveri
859 706 938 767 faoit.
983 704 1056 784 Neo,
1087 716 1184 766 oumo

136 795 170 853 in
198 793 264 854 istis
292 796 348 870 est,
377 793 409 852 in
436 812 468 854 se
495 794 605 868 definit3
638 813 692 854 neo
717 795 790 871 ipsis
819 794 938 854 abscisis
961 798 1015 856 aut
1037 797 1155 869 evulsis,

138 902 209 942 oum
233 883 270 941 ab
294 883 334 942 eis
357 883 519 960 egreditur,
548 884 580 942 in
602 902 632 943 se
654 884 782 959 proficit,
805 883 910 944 sedin
932 885 1014 943 statu
1036 903 1098 962 suo,
1120 890 1156 946 ut

142 974 211 1032 ante
235 976 306 1044 erat,
329 975 490 1046 permanet.

207 1062 255 1121 Do
277 1062 398 1121 animae
424 1062 548 1124 oiribm.
593 1061 702 1122 Anima
732 1065 832 1122 autom
858 1061 985 1122 hominis
1012 1061 1048 1121 de
1075 1063 1155 1122 caelo

137 1171 156 1210 a
180 1149 236 1209 deo
260 1150 378 1210 veniens
402 1150 433 1209 in
455 1150 605 1210 hominem
627 1155 658 1212 ot
680 1153 779 1228 ipsum
800 1151 953 1212 vivificans
975 1151 1196 1211 erratione-10

135 1239 198 1299 bile
221 1239 343 1311 faciens,
372 1257 440 1298 oum
462 1240 499 1300 ab
522 1239 644 1300 homine
666 1241 835 1318 egreditur,
863 1239 922 1300 nod
944 1241 1082 1317 moritur,
1105 1239 1156 1300 sed

137 1332 193 1389 aut
222 1327 260 1386 ad
281 1328 413 1404 praemia
433 1329 513 1390 vitae
535 1348 587 1389 seu
610 1330 649 1389 ad
670 1333 819 1390 tormenta
841 1330 946 1390 mortis
969 1329 1156 1390 aeternaliter

138 1419 261 1478 viatura
281 1418 374 1479 vadit.

206 1506 253 1566 De
275 1524 372 1586 oquae
393 1509 516 1571 oiribrrs.
555 1507 644 1584 Aqua
666 1527 736 1568 vero
759 1509 836 1568 vires
864 1508 1033 1586 quindecim
1058 1508 1155 1583 habet,

138 1595 171 1656 id
188 1597 234 1654 est
248 1597 386 1670 oalorem,
402 1615 509 1674 aerem,
523 1597 686 1673 humorem,
705 1597 937 1672 inundationem,
959 1598 1156 1672 velocitatem,
1170 1611 1196 1657 15

137 1685 351 1758 mobilitatem
385 1694 416 1746 et
453 1687 543 1764 lignis
581 1706 701 1747 suooum
740 1685 803 1759 dat,
837 1687 990 1763 pomiferis
1024 1691 1155 1764 gustum,

140 1773 241 1834 herbis
264 1774 460 1849 viriditatem3
491 1778 522 1835 et
543 1775 721 1838 humiditate
749 1794 803 1836 sua
830 1776 861 1834 in
888 1776 1026 1836 omnibus
1048 1772 1155 1846 madet,

140 1863 279 1924 volueres
302 1864 441 1941 eontinet,
464 1865 559 1941 pisoes
581 1866 683 1942 pasoit,
706 1865 814 1924 bestias
828 1864 860 1924 in
875 1865 972 1924 calore
987 1883 1041 1924 suo
1056 1865 1156 1924 vivero

139 1953 227 2025 feeit,
259 1954 379 2030 reptilia
405 1955 437 2012 in
465 1973 571 2030 spuma
598 1974 653 2015 sua
678 1953 788 2014 retinet
814 1972 848 2013 aa
876 1954 975 2012 omnia
997 1955 1154 2012 sustentat:

139 2041 392 2118 quemadrnodum
420 2042 519 2104 deoem
550 2046 707 2120 praecepta
737 2046 768 2102 ot
798 2043 930 2120 quinque
961 2043 1031 2101 libri
1058 2042 1155 2118 Moysi
1168 2055 1196 2101 20

139 2132 249 2192 veteris
279 2132 447 2192 testamenti
480 2135 562 2206 sunt,
592 2152 668 2210 quae
695 2134 802 2192 cuneta
828 2131 901 2193 deus
928 2131 966 2190 ad
992 2131 1155 2208 spiritalem

137 2221 367 2297 intelligentiam
417 2223 571 2282 convertit.
580 2215 604 2301 l)
650 2222 695 2280 De
745 2222 862 2282 vivente
903 2239 1031 2297 namque
1073 2221 1155 2280 fonte

138 2310 276 2370 salientes
299 2329 396 2392 aquae
418 2313 500 2387 sunt,
531 2330 607 2387 quae
639 2329 739 2371 omnes
771 2310 871 2370 sordes
900 2311 1034 2375 abluunt.
1079 2308 1155 2368 Nam

137 2418 216 2474 aqua
237 2399 268 2458 in
292 2400 373 2459 omni
390 2399 493 2459 mobili
509 2403 643 2460 ereatura
662 2399 758 2459 labilis
774 2402 819 2459 est
833 2418 867 2460 ao
881 2400 971 2460 etiam
986 2399 1154 2459 inoendium

138 2489 233 2548 omnis
256 2489 420 2549 viriditatis
443 2490 644 2549 immobilium
671 2491 873 2549 creaturarum
902 2492 953 2554 eat.
991 2488 1036 2547 De
1059 2489 1195 2547 coloreas

138 2577 257 2637 humidi
290 2579 364 2638 aeris
390 2581 506 2655 manat,
541 2582 571 2638 et
606 2579 632 2639 si
662 2579 789 2639 oalorom
822 2596 881 2637 non
910 2577 1048 2650 haberet,
1080 2576 1156 2636 dura

139 2671 263 2744 propter
297 2668 393 2745 frigus
428 2671 512 2729 esset.
564 2668 609 2728 De
646 2669 744 2728 oalore
778 2667 890 2743 quippe
923 2666 1028 2726 defluit
1061 2668 1091 2725 et
1118 2666 1154 2725 de

138 2756 318 2817 humiditate
342 2757 419 2816 aeris
441 2761 550 2822 manat.
590 2757 676 2828 Quod
699 2757 725 2816 si
743 2756 822 2816 huno
838 2775 936 2816 aerem
950 2774 1009 2815 non
1023 2754 1154 2831 haberet,

137 2846 229 2905 fluere
259 2864 318 2905 non
346 2849 453 2922 posset.
499 2846 543 2906 De
573 2847 619 2906 his
649 2846 728 2906 enim
754 2844 851 2905 tribus
880 2845 1008 2917 viribus,
1043 2845 1155 2904 soilioet

138 2935 244 3011 oalore,
276 2935 400 2995 humore
434 2937 464 2995 et
492 2955 557 2996 aere
584 2936 670 2996 velox
700 2937 756 3012 est,
789 2935 832 2994 ita
859 2935 895 2996 ut
921 2933 997 2993 nihil
1027 2934 1153 3006 resistat,
1166 2945 1195 2992 ao

137 3024 190 3084 ubi
222 3025 288 3101 ipsa
320 3025 567 3100 superexcellerit
622 3023 679 3084 Sed
707 3027 736 3084 et
762 3024 852 3102 lignis
885 3041 1006 3084 suooum
1040 3023 1092 3083 dat
1123 3025 1154 3082 et

140 3133 206 3174 aare
229 3133 282 3174 sno
306 3114 407 3173 eadem
431 3113 555 3174 mobilia
576 3114 649 3174 faoit
676 3116 766 3190 atque
795 3113 891 3173 oalido
914 3113 1038 3171 humore
1060 3112 1153 3188 pomi·

137 3203 226 3280 feris,
259 3203 371 3263 soilioet
399 3203 560 3279 unicuique
588 3203 751 3265 seeundum
779 3220 872 3280 genus
900 3219 1000 3277 suum,
1031 3204 1153 3278 gustum

137 3292 261 3353 tribuit.
292 3291 409 3352 Herbae
432 3292 521 3352 etiam
546 3292 582 3352 de
604 3293 714 3353 fluente
736 3291 862 3351 humore
885 3291 949 3350 eius
970 3289 1152 3350 viriditatem

137 3382 168 3441 in
192 3401 222 3442 se
249 3381 367 3457 habent,
392 3383 422 3440 et
446 3381 557 3458 lapidea
584 3381 621 3441 de
642 3382 766 3442 humore
790 3381 853 3440 eius
875 3380 992 3442 sudant.
1037 3378 1086 3439 Sio
1107 3380 1153 3439 vis
1167 3390 1193 3434 35

210 3572 231 3642 ¹)
251 3572 427 3642 alar-llas
449 3599 481 3619 =
501 3572 598 3644 Migne
616 3589 644 3643 p.
665 3571 731 3627 1211
752 3572 787 3626 A.
