<?xml version="1.0" encoding="UTF-8"?>
<!DOCTYPE html PUBLIC "-//W3C//DTD XHTML 1.0 Transitional//EN"
    "http://www.w3.org/TR/xhtml1/DTD/xhtml1-transitional.dtd">
<html xmlns="http://www.w3.org/1999/xhtml" xml:lang="en" lang="en">
 <head>
  <title>
</title>
<meta http-equiv="Content-Type" content="text/html;charset=utf-8" />
  <meta name='ocr-system' content='tesseract 3.04.00' />
  <meta name='ocr-capabilities' content='ocr_page ocr_carea ocr_par ocr_line ocrx_word'/>
</head>
<body>
  <div class='ocr_page' id='page_1' title='image "./hildegardiscaus00hildgoog_0113.png"; bbox 0 0 2662 3932; ppageno 0'>
   <div class='ocr_carea' id='block_1_1' title="bbox 206 100 836 168">
    <p class='ocr_par' dir='ltr' id='par_1_1' title="bbox 206 100 836 168">
     <span class='ocr_line' id='line_1_1' title="bbox 206 100 836 168; baseline -0.019 0"><span class='ocrx_word' id='word_1_1' title='bbox 206 108 268 168; x_wconf 83' lang='lat'>102</span> <span class='ocrx_word' id='word_1_2' title='bbox 591 100 836 158; x_wconf 79' lang='lat' dir='ltr'><strong>HILDEGARDIS</strong></span> 
     </span>
    </p>
   </div>
   <div class='ocr_carea' id='block_1_2' title="bbox 142 283 1237 3033">
    <p class='ocr_par' dir='ltr' id='par_1_2' title="bbox 142 283 1237 628">
     <span class='ocr_line' id='line_1_2' title="bbox 142 283 1237 362; baseline -0.002 -16"><span class='ocrx_word' id='word_1_3' title='bbox 142 323 144 330; x_wconf 67' lang='lat'>‹</span> <span class='ocrx_word' id='word_1_4' title='bbox 203 286 359 362; x_wconf 90' lang='lat' dir='ltr'>incipiunt.</span> <span class='ocrx_word' id='word_1_5' title='bbox 405 283 539 361; x_wconf 83' lang='lat' dir='ltr'>Cumque</span> <span class='ocrx_word' id='word_1_6' title='bbox 562 284 680 343; x_wconf 90' lang='lat' dir='ltr'>nullum</span> <span class='ocrx_word' id='word_1_7' title='bbox 702 284 815 344; x_wconf 81' lang='lat' dir='ltr'>exitum</span> <span class='ocrx_word' id='word_1_8' title='bbox 837 283 880 343; x_wconf 94' lang='lat' dir='ltr'>ibi</span> <span class='ocrx_word' id='word_1_9' title='bbox 901 283 1068 361; x_wconf 88' lang='lat' dir='ltr'>habuerint,</span> <span class='ocrx_word' id='word_1_10' title='bbox 1101 303 1237 345; x_wconf 84' lang='lat' dir='ltr'>sursum</span> 
     </span>
     <span class='ocr_line' id='line_1_3' title="bbox 204 373 1236 450; baseline -0.002 -16"><span class='ocrx_word' id='word_1_11' title='bbox 204 375 242 434; x_wconf 89' lang='lat' dir='ltr'>ad</span> <span class='ocrx_word' id='word_1_12' title='bbox 257 375 410 450; x_wconf 79' lang='lat' dir='ltr'>superiora</span> <span class='ocrx_word' id='word_1_13' title='bbox 425 373 566 450; x_wconf 85' lang='lat' dir='ltr'>corporis,</span> <span class='ocrx_word' id='word_1_14' title='bbox 589 373 668 432; x_wconf 90' lang='lat' dir='ltr'>unde</span> <span class='ocrx_word' id='word_1_15' title='bbox 683 376 837 450; x_wconf 85' lang='lat' dir='ltr'>venerunt,</span> <span class='ocrx_word' id='word_1_16' title='bbox 861 373 1016 433; x_wconf 89' lang='lat' dir='ltr'>ascendere</span> <span class='ocrx_word' id='word_1_17' title='bbox 1037 392 1097 432; x_wconf 89' lang='lat' dir='ltr'>non</span> <span class='ocrx_word' id='word_1_18' title='bbox 1111 375 1236 445; x_wconf 85' lang='lat' dir='ltr'>valent,</span> 
     </span>
     <span class='ocr_line' id='line_1_4' title="bbox 205 461 1237 524; baseline -0.002 0"><span class='ocrx_word' id='word_1_19' title='bbox 205 464 255 524; x_wconf 83' lang='lat' dir='ltr'>sed</span> <span class='ocrx_word' id='word_1_20' title='bbox 278 462 321 521; x_wconf 91' lang='lat' dir='ltr'>ibi</span> <span class='ocrx_word' id='word_1_21' title='bbox 344 463 375 522; x_wconf 92' lang='lat' dir='ltr'>in</span> <span class='ocrx_word' id='word_1_22' title='bbox 397 461 590 523; x_wconf 84' lang='lat' dir='ltr'>inferioribus</span> <span class='ocrx_word' id='word_1_23' title='bbox 612 465 732 522; x_wconf 89' lang='lat' dir='ltr'>manent</span> <span class='ocrx_word' id='word_1_24' title='bbox 755 467 787 523; x_wconf 89' lang='grc'>11</span> <span class='ocrx_word' id='word_1_25' title='bbox 807 462 839 521; x_wconf 91' lang='lat' dir='ltr'>in</span> <span class='ocrx_word' id='word_1_26' title='bbox 861 462 985 522; x_wconf 81' lang='lat' dir='ltr'><strong>livorem</strong></span> <span class='ocrx_word' id='word_1_27' title='bbox 1008 465 1179 523; x_wconf 86' lang='lat' dir='ltr'>vertuntur</span> <span class='ocrx_word' id='word_1_28' title='bbox 1206 466 1237 522; x_wconf 90' lang='lat' dir='ltr'>et</span> 
     </span>
     <span class='ocr_line' id='line_1_5' title="bbox 205 550 1235 628; baseline -0.002 -16"><span class='ocrx_word' id='word_1_29' title='bbox 205 552 405 624; x_wconf 79' lang='lat' dir='ltr'>obdurantur,</span> <span class='ocrx_word' id='word_1_30' title='bbox 438 555 467 611; x_wconf 90' lang='lat' dir='ltr'>et</span> <span class='ocrx_word' id='word_1_31' title='bbox 497 552 540 611; x_wconf 89' lang='lat' dir='ltr'>sic</span> <span class='ocrx_word' id='word_1_32' title='bbox 570 551 659 610; x_wconf 90' lang='lat' dir='ltr'>homo</span> <span class='ocrx_word' id='word_1_33' title='bbox 690 550 742 610; x_wconf 89' lang='lat' dir='ltr'>ille</span> <span class='ocrx_word' id='word_1_34' title='bbox 768 551 800 610; x_wconf 94' lang='lat' dir='ltr'>in</span> <span class='ocrx_word' id='word_1_35' title='bbox 828 550 965 612; x_wconf 87' lang='lat' dir='ltr'>cruribus</span> <span class='ocrx_word' id='word_1_36' title='bbox 989 553 1019 610; x_wconf 88' lang='lat' dir='ltr'>et</span> <span class='ocrx_word' id='word_1_37' title='bbox 1040 552 1073 610; x_wconf 89' lang='lat' dir='ltr'>in</span> <span class='ocrx_word' id='word_1_38' title='bbox 1094 550 1235 628; x_wconf 91' lang='lat' dir='ltr'>pedibus</span> 
     </span>
    </p>

    <p class='ocr_par' dir='ltr' id='par_1_3' title="bbox 177 640 1235 1074">
     <span class='ocr_line' id='line_1_6' title="bbox 177 640 1235 718; baseline 0.002 -22"><span class='ocrx_word' id='word_1_39' title='bbox 177 642 265 702; x_wconf 70' lang='lat' dir='ltr'>esuis</span> <span class='ocrx_word' id='word_1_40' title='bbox 287 641 449 718; x_wconf 86' lang='lat' dir='ltr'>podagram</span> <span class='ocrx_word' id='word_1_41' title='bbox 472 641 562 700; x_wconf 78' lang='lat' dir='ltr'><strong>sentit</strong></span> <span class='ocrx_word' id='word_1_42' title='bbox 584 643 614 699; x_wconf 91' lang='lat' dir='ltr'>et</span> <span class='ocrx_word' id='word_1_43' title='bbox 638 640 728 715; x_wconf 78' lang='lat' dir='ltr'>dolet,</span> <span class='ocrx_word' id='word_1_44' title='bbox 750 640 793 698; x_wconf 86' lang='lat' dir='ltr'>ita</span> <span class='ocrx_word' id='word_1_45' title='bbox 815 641 896 716; x_wconf 91' lang='lat' dir='ltr'>quod</span> <span class='ocrx_word' id='word_1_46' title='bbox 919 641 970 700; x_wconf 83' lang='lat' dir='ltr'>vix</span> <span class='ocrx_word' id='word_1_47' title='bbox 984 641 1119 700; x_wconf 76' lang='lat' dir='ltr'>incedere</span> <span class='ocrx_word' id='word_1_48' title='bbox 1134 641 1235 701; x_wconf 87' lang='lat' dir='ltr'>valet.</span> 
     </span>
     <span class='ocr_line' id='line_1_7' title="bbox 204 729 1234 806; baseline -0.001 -17"><span class='ocrx_word' id='word_1_49' title='bbox 204 731 240 789; x_wconf 92' lang='lat' dir='ltr'>In</span> <span class='ocrx_word' id='word_1_50' title='bbox 271 730 447 790; x_wconf 86' lang='lat' dir='ltr'>mulieribus</span> <span class='ocrx_word' id='word_1_51' title='bbox 478 749 610 806; x_wconf 82' lang='lat' dir='ltr'>quoque,</span> <span class='ocrx_word' id='word_1_52' title='bbox 646 748 722 805; x_wconf 90' lang='lat' dir='ltr'>quae</span> <span class='ocrx_word' id='word_1_53' title='bbox 754 729 858 788; x_wconf 88' lang='lat' dir='ltr'>molles</span> <span class='ocrx_word' id='word_1_54' title='bbox 891 732 921 789; x_wconf 89' lang='lat' dir='ltr'>et</span> <span class='ocrx_word' id='word_1_55' title='bbox 948 729 1088 789; x_wconf 85' lang='lat' dir='ltr'>delicatas</span> <span class='ocrx_word' id='word_1_56' title='bbox 1124 747 1234 789; x_wconf 89' lang='lat' dir='ltr'>carnes</span> 
     </span>
     <span class='ocr_line' id='line_1_8' title="bbox 203 815 1234 896; baseline -0.001 -17"><span class='ocrx_word' id='word_1_57' title='bbox 203 819 312 880; x_wconf 87' lang='lat' dir='ltr'>habent</span> <span class='ocrx_word' id='word_1_58' title='bbox 334 823 364 879; x_wconf 92' lang='grc'>11</span> <span class='ocrx_word' id='word_1_59' title='bbox 386 839 461 896; x_wconf 86' lang='lat' dir='ltr'>quae</span> <span class='ocrx_word' id='word_1_60' title='bbox 485 819 574 878; x_wconf 91' lang='lat' dir='ltr'>etiam</span> <span class='ocrx_word' id='word_1_61' title='bbox 597 817 730 878; x_wconf 88' lang='lat' dir='ltr'>delicatis</span> <span class='ocrx_word' id='word_1_62' title='bbox 752 818 824 878; x_wconf 80' lang='lat' dir='ltr'><strong>cibis</strong></span> <span class='ocrx_word' id='word_1_63' title='bbox 841 837 932 894; x_wconf 88' lang='lat' dir='ltr'>supra</span> <span class='ocrx_word' id='word_1_64' title='bbox 946 815 1070 880; x_wconf 82' lang='lat' dir='ltr'>medum</span> <span class='ocrx_word' id='word_1_65' title='bbox 1082 822 1234 893; x_wconf 86' lang='lat' dir='ltr'>utuntur,</span> 
     </span>
     <span class='ocr_line' id='line_1_9' title="bbox 190 906 1233 983; baseline 0.001 -16"><span class='ocrx_word' id='word_1_66' title='bbox 190 909 275 968; x_wconf 66' lang='lat' dir='ltr'>vmali</span> <span class='ocrx_word' id='word_1_67' title='bbox 307 909 396 969; x_wconf 86' lang='lat' dir='ltr'>etiam</span> <span class='ocrx_word' id='word_1_68' title='bbox 426 908 578 982; x_wconf 86' lang='lat' dir='ltr'>humores,</span> <span class='ocrx_word' id='word_1_69' title='bbox 615 910 652 964; x_wconf 92' lang='lat' dir='ltr'>ut</span> <span class='ocrx_word' id='word_1_70' title='bbox 687 906 873 983; x_wconf 89' lang='lat' dir='ltr'>praedictum</span> <span class='ocrx_word' id='word_1_71' title='bbox 904 909 963 983; x_wconf 88' lang='grc'><strong>111,</strong></span> <span class='ocrx_word' id='word_1_72' title='bbox 993 911 1141 980; x_wconf 88' lang='lat' dir='ltr'>crescunt,</span> <span class='ocrx_word' id='word_1_73' title='bbox 1178 908 1233 968; x_wconf 86' lang='lat' dir='ltr'>sed</span> 
     </span>
     <span class='ocr_line' id='line_1_10' title="bbox 204 995 1233 1074; baseline -0.002 -16"><span class='ocrx_word' id='word_1_74' title='bbox 204 1001 304 1058; x_wconf 88' lang='lat' dir='ltr'>tamen</span> <span class='ocrx_word' id='word_1_75' title='bbox 333 996 498 1074; x_wconf 87' lang='lat' dir='ltr'>podagram</span> <span class='ocrx_word' id='word_1_76' title='bbox 527 1014 585 1055; x_wconf 89' lang='lat' dir='ltr'>non</span> <span class='ocrx_word' id='word_1_77' title='bbox 616 999 679 1054; x_wconf 87' lang='lat' dir='ltr'>tam</span> <span class='ocrx_word' id='word_1_78' title='bbox 710 995 797 1056; x_wconf 86' lang='lat' dir='ltr'>facile</span> <span class='ocrx_word' id='word_1_79' title='bbox 828 997 1000 1066; x_wconf 85' lang='lat' dir='ltr'>incurrunt,</span> <span class='ocrx_word' id='word_1_80' title='bbox 1030 1000 1060 1056; x_wconf 93' lang='lat' dir='ltr'>et</span> <span class='ocrx_word' id='word_1_81' title='bbox 1082 996 1233 1056; x_wconf 90' lang='lat' dir='ltr'>humores</span> 
     </span>
    </p>

    <p class='ocr_par' dir='ltr' id='par_1_4' title="bbox 165 1086 1233 1253">
     <span class='ocr_line' id='line_1_11' title="bbox 165 1086 1233 1162; baseline 0.004 -21"><span class='ocrx_word' id='word_1_82' title='bbox 165 1096 192 1141; x_wconf 87' lang='lat'>10</span> <span class='ocrx_word' id='word_1_83' title='bbox 205 1088 256 1148; x_wconf 89' lang='lat' dir='ltr'>isti</span> <span class='ocrx_word' id='word_1_84' title='bbox 279 1088 317 1146; x_wconf 91' lang='lat' dir='ltr'>ad</span> <span class='ocrx_word' id='word_1_85' title='bbox 343 1087 554 1162; x_wconf 80' lang='lat' dir='ltr'>purgationem</span> <span class='ocrx_word' id='word_1_86' title='bbox 581 1088 802 1144; x_wconf 87' lang='lat' dir='ltr'>menstruorum</span> <span class='ocrx_word' id='word_1_87' title='bbox 828 1087 997 1158; x_wconf 87' lang='lat' dir='ltr'>transeunt,</span> <span class='ocrx_word' id='word_1_88' title='bbox 1029 1089 1059 1144; x_wconf 93' lang='grc'>11</span> <span class='ocrx_word' id='word_1_89' title='bbox 1086 1086 1129 1146; x_wconf 88' lang='lat' dir='ltr'>sic</span> <span class='ocrx_word' id='word_1_90' title='bbox 1157 1086 1233 1145; x_wconf 92' lang='lat' dir='ltr'>illae</span> 
     </span>
     <span class='ocr_line' id='line_1_12' title="bbox 208 1174 580 1253; baseline 0.003 -19"><span class='ocrx_word' id='word_1_91' title='bbox 208 1196 225 1234; x_wconf 94' lang='lat' dir='ltr'>a</span> <span class='ocrx_word' id='word_1_92' title='bbox 247 1176 382 1253; x_wconf 80' lang='lat' dir='ltr'>podagra</span> <span class='ocrx_word' id='word_1_93' title='bbox 403 1174 580 1235; x_wconf 79' lang='lat' dir='ltr'>liberantur.</span> 
     </span>
    </p>

    <p class='ocr_par' dir='ltr' id='par_1_5' title="bbox 204 1261 1230 1518">
     <span class='ocr_line' id='line_1_13' title="bbox 272 1261 1230 1342; baseline -0.001 -18"><span class='ocrx_word' id='word_1_94' title='bbox 272 1266 323 1324; x_wconf 86' lang='lat' dir='ltr'>Dc</span> <span class='ocrx_word' id='word_1_95' title='bbox 337 1265 448 1336; x_wconf 72' lang='lat' dir='ltr'>fistulo.</span> <span class='ocrx_word' id='word_1_96' title='bbox 495 1263 552 1322; x_wconf 81' lang='lat' dir='ltr'>Sed</span> <span class='ocrx_word' id='word_1_97' title='bbox 567 1266 598 1322; x_wconf 89' lang='lat' dir='ltr'>et</span> <span class='ocrx_word' id='word_1_98' title='bbox 611 1262 713 1322; x_wconf 86' lang='lat' dir='ltr'>fistula</span> <span class='ocrx_word' id='word_1_99' title='bbox 728 1266 773 1323; x_wconf 90' lang='lat' dir='ltr'>est</span> <span class='ocrx_word' id='word_1_100' title='bbox 788 1261 941 1340; x_wconf 78' lang='lat' dir='ltr'>quoddam</span> <span class='ocrx_word' id='word_1_101' title='bbox 955 1281 1049 1341; x_wconf 81' lang='lat' dir='ltr'>genus</span> <span class='ocrx_word' id='word_1_102' title='bbox 1064 1265 1230 1342; x_wconf 82' lang='lat' dir='ltr'>podagrae.</span> 
     </span>
     <span class='ocr_line' id='line_1_14' title="bbox 204 1351 1230 1430; baseline -0.001 -18"><span class='ocrx_word' id='word_1_103' title='bbox 204 1351 280 1414; x_wconf 88' lang='lat' dir='ltr'>Nam</span> <span class='ocrx_word' id='word_1_104' title='bbox 299 1353 400 1412; x_wconf 89' lang='lat' dir='ltr'>fistula</span> <span class='ocrx_word' id='word_1_105' title='bbox 414 1353 450 1411; x_wconf 92' lang='lat' dir='ltr'>de</span> <span class='ocrx_word' id='word_1_106' title='bbox 471 1353 556 1412; x_wconf 85' lang='lat' dir='ltr'>malis</span> <span class='ocrx_word' id='word_1_107' title='bbox 572 1355 602 1412; x_wconf 88' lang='lat' dir='ltr'>et</span> <span class='ocrx_word' id='word_1_108' title='bbox 617 1352 775 1428; x_wconf 86' lang='lat' dir='ltr'>superfluis</span> <span class='ocrx_word' id='word_1_109' title='bbox 789 1351 963 1411; x_wconf 87' lang='lat' dir='ltr'>humoribus</span> <span class='ocrx_word' id='word_1_110' title='bbox 978 1353 1120 1430; x_wconf 88' lang='lat' dir='ltr'>nascitur,</span> <span class='ocrx_word' id='word_1_111' title='bbox 1144 1354 1230 1430; x_wconf 86' lang='lat' dir='ltr'>quia,</span> 
     </span>
     <span class='ocr_line' id='line_1_15' title="bbox 206 1440 1229 1518; baseline 0 -16"><span class='ocrx_word' id='word_1_112' title='bbox 206 1461 274 1502; x_wconf 91' lang='lat' dir='ltr'>oum</span> <span class='ocrx_word' id='word_1_113' title='bbox 297 1442 368 1500; x_wconf 87' lang='lat' dir='ltr'>mali</span> <span class='ocrx_word' id='word_1_114' title='bbox 392 1445 422 1502; x_wconf 90' lang='lat' dir='ltr'>at</span> <span class='ocrx_word' id='word_1_115' title='bbox 445 1441 589 1518; x_wconf 88' lang='lat' dir='ltr'>superflui</span> <span class='ocrx_word' id='word_1_116' title='bbox 610 1441 749 1501; x_wconf 86' lang='lat' dir='ltr'>humores</span> <span class='ocrx_word' id='word_1_117' title='bbox 772 1441 803 1500; x_wconf 91' lang='lat' dir='ltr'>in</span> <span class='ocrx_word' id='word_1_118' title='bbox 818 1440 936 1500; x_wconf 90' lang='lat' dir='ltr'>homine</span> <span class='ocrx_word' id='word_1_119' title='bbox 952 1441 1229 1517; x_wconf 70' lang='lat' dir='ltr'>superhabundant,</span> 
     </span>
    </p>

    <p class='ocr_par' dir='ltr' id='par_1_6' title="bbox 164 1531 1230 1963">
     <span class='ocr_line' id='line_1_16' title="bbox 164 1531 1230 1608; baseline 0 -19"><span class='ocrx_word' id='word_1_120' title='bbox 164 1544 193 1589; x_wconf 84' lang='lat'>15</span> <span class='ocrx_word' id='word_1_121' title='bbox 206 1531 243 1590; x_wconf 89' lang='lat' dir='ltr'>ad</span> <span class='ocrx_word' id='word_1_122' title='bbox 267 1531 397 1608; x_wconf 78' lang='lat' dir='ltr'>aliquem</span> <span class='ocrx_word' id='word_1_123' title='bbox 419 1532 519 1590; x_wconf 90' lang='lat' dir='ltr'>locum</span> <span class='ocrx_word' id='word_1_124' title='bbox 542 1531 674 1606; x_wconf 88' lang='lat' dir='ltr'>corporis</span> <span class='ocrx_word' id='word_1_125' title='bbox 697 1531 761 1590; x_wconf 89' lang='lat' dir='ltr'>eius</span> <span class='ocrx_word' id='word_1_126' title='bbox 783 1533 938 1602; x_wconf 80' lang='grc'><strong>1111111111</strong></span> <span class='ocrx_word' id='word_1_127' title='bbox 952 1531 1001 1590; x_wconf 87' lang='lat' dir='ltr'>vol</span> <span class='ocrx_word' id='word_1_128' title='bbox 1016 1531 1054 1590; x_wconf 91' lang='lat' dir='ltr'>ad</span> <span class='ocrx_word' id='word_1_129' title='bbox 1070 1549 1159 1590; x_wconf 87' lang='lat' dir='ltr'>crura</span> <span class='ocrx_word' id='word_1_130' title='bbox 1174 1550 1230 1592; x_wconf 90' lang='lat' dir='ltr'>seu</span> 
     </span>
     <span class='ocr_line' id='line_1_17' title="bbox 205 1609 1229 1722; baseline -0.001 -43"><span class='ocrx_word' id='word_1_131' title='bbox 205 1619 242 1679; x_wconf 93' lang='lat' dir='ltr'>ad</span> <span class='ocrx_word' id='word_1_132' title='bbox 257 1621 351 1722; x_wconf 35' lang='lat' dir='ltr'>pedes.</span> <span class='ocrx_word' id='word_1_133' title='bbox 365 1620 448 1680; x_wconf 86' lang='lat' dir='ltr'>illius</span> <span class='ocrx_word' id='word_1_134' title='bbox 468 1619 656 1694; x_wconf 84' lang='lat' dir='ltr'>descendunt,</span> <span class='ocrx_word' id='word_1_135' title='bbox 672 1621 702 1678; x_wconf 99' lang='lat' dir='ltr'>t</span> <span class='ocrx_word' id='word_1_136' title='bbox 716 1619 758 1678; x_wconf 91' lang='lat' dir='ltr'>ibi</span> <span class='ocrx_word' id='word_1_137' title='bbox 773 1619 907 1678; x_wconf 90' lang='lat' dir='ltr'>acumine</span> <span class='ocrx_word' id='word_1_138' title='bbox 923 1609 1140 1695; x_wconf 88' lang='lat' dir='ltr'>superfluitatis</span> <span class='ocrx_word' id='word_1_139' title='bbox 1155 1639 1229 1680; x_wconf 88' lang='lat' dir='ltr'>suae</span> 
     </span>
     <span class='ocr_line' id='line_1_18' title="bbox 205 1707 1226 1786; baseline 0 -17"><span class='ocrx_word' id='word_1_140' title='bbox 205 1711 304 1769; x_wconf 91' lang='lat' dir='ltr'>cutem</span> <span class='ocrx_word' id='word_1_141' title='bbox 327 1709 390 1770; x_wconf 85' lang='lat' dir='ltr'>eius</span> <span class='ocrx_word' id='word_1_142' title='bbox 412 1709 565 1785; x_wconf 82' lang='lat' dir='ltr'>perforant</span> <span class='ocrx_word' id='word_1_143' title='bbox 586 1711 616 1768; x_wconf 88' lang='lat' dir='ltr'>et</span> <span class='ocrx_word' id='word_1_144' title='bbox 638 1708 784 1784; x_wconf 86' lang='lat' dir='ltr'>paulatim</span> <span class='ocrx_word' id='word_1_145' title='bbox 806 1707 949 1780; x_wconf 80' lang='lat' dir='ltr'>effluunt3</span> <span class='ocrx_word' id='word_1_146' title='bbox 973 1711 1003 1768; x_wconf 91' lang='lat' dir='ltr'>et</span> <span class='ocrx_word' id='word_1_147' title='bbox 1026 1709 1097 1786; x_wconf 89' lang='lat' dir='ltr'>quia</span> <span class='ocrx_word' id='word_1_148' title='bbox 1118 1709 1151 1768; x_wconf 91' lang='lat' dir='ltr'>in</span> <span class='ocrx_word' id='word_1_149' title='bbox 1172 1710 1226 1770; x_wconf 95' lang='lat' dir='ltr'>ho·</span> 
     </span>
     <span class='ocr_line' id='line_1_19' title="bbox 204 1797 1227 1920; baseline 0.002 -63"><span class='ocrx_word' id='word_1_150' title='bbox 204 1799 284 1858; x_wconf 90' lang='lat' dir='ltr'>mine</span> <span class='ocrx_word' id='word_1_151' title='bbox 311 1799 364 1858; x_wconf 94' lang='lat' dir='ltr'>illo</span> <span class='ocrx_word' id='word_1_152' title='bbox 396 1817 510 1875; x_wconf 89' lang='lat' dir='ltr'>semper</span> <span class='ocrx_word' id='word_1_153' title='bbox 541 1800 699 1876; x_wconf 82' lang='lat' dir='ltr'>augentur,</span> <span class='ocrx_word' id='word_1_154' title='bbox 730 1797 773 1857; x_wconf 92' lang='lat' dir='ltr'>ibi</span> <span class='ocrx_word' id='word_1_155' title='bbox 803 1799 855 1858; x_wconf 87' lang='lat' dir='ltr'>cut</span> <span class='ocrx_word' id='word_1_156' title='bbox 856 1816 903 1856; x_wconf 90' lang='lat' dir='ltr'>em</span> <span class='ocrx_word' id='word_1_157' title='bbox 932 1815 1047 1920; x_wconf 86' lang='lat' dir='ltr'>semper</span> <span class='ocrx_word' id='word_1_158' title='bbox 1077 1798 1227 1859; x_wconf 86' lang='lat' dir='ltr'>effluendo</span> 
     </span>
     <span class='ocr_line' id='line_1_20' title="bbox 206 1888 935 1963; baseline -0.007 -15"><span class='ocrx_word' id='word_1_159' title='bbox 206 1889 302 1948; x_wconf 87' lang='lat' dir='ltr'>sanari</span> <span class='ocrx_word' id='word_1_160' title='bbox 325 1907 385 1948; x_wconf 92' lang='lat' dir='ltr'>non</span> <span class='ocrx_word' id='word_1_161' title='bbox 407 1888 595 1963; x_wconf 88' lang='lat' dir='ltr'>permittunt</span> <span class='ocrx_word' id='word_1_162' title='bbox 927 1895 935 1912; x_wconf 74' lang='lat'><strong><em>¹</em></strong></span> 
     </span>
    </p>

    <p class='ocr_par' dir='ltr' id='par_1_7' title="bbox 164 1949 1229 2410">
     <span class='ocr_line' id='line_1_21' title="bbox 164 1949 1227 2078; baseline 0 -42"><span class='ocrx_word' id='word_1_163' title='bbox 164 1990 193 2036; x_wconf 80' lang='lat' dir='ltr'>co</span> <span class='ocrx_word' id='word_1_164' title='bbox 277 1977 375 2052; x_wconf 76' lang='lat' dir='ltr'>Quare</span> <span class='ocrx_word' id='word_1_165' title='bbox 407 1981 604 2039; x_wconf 77' lang='lat' dir='ltr'>menstruum.</span> <span class='ocrx_word' id='word_1_166' title='bbox 662 1973 737 2034; x_wconf 79' lang='lat' dir='ltr'>Cum</span> <span class='ocrx_word' id='word_1_167' title='bbox 775 1978 878 2036; x_wconf 87' lang='lat' dir='ltr'>autam</span> <span class='ocrx_word' id='word_1_168' title='bbox 913 1949 1011 2036; x_wconf 78' lang='lat' dir='ltr'>fluxus</span> <span class='ocrx_word' id='word_1_169' title='bbox 1050 1976 1227 2078; x_wconf 76' lang='lat' dir='ltr'>cupiditatis</span> 
     </span>
     <span class='ocr_line' id='line_1_22' title="bbox 205 2064 1226 2167; baseline -0.003 -40"><span class='ocrx_word' id='word_1_170' title='bbox 205 2067 299 2127; x_wconf 78' lang='lat' dir='ltr'>Eram</span> <span class='ocrx_word' id='word_1_171' title='bbox 320 2067 452 2137; x_wconf 88' lang='lat' dir='ltr'>intravit,</span> <span class='ocrx_word' id='word_1_172' title='bbox 476 2083 574 2125; x_wconf 90' lang='lat' dir='ltr'>omnes</span> <span class='ocrx_word' id='word_1_173' title='bbox 596 2083 686 2124; x_wconf 84' lang='lat' dir='ltr'>venae</span> <span class='ocrx_word' id='word_1_174' title='bbox 707 2064 770 2124; x_wconf 90' lang='lat' dir='ltr'>eius</span> <span class='ocrx_word' id='word_1_175' title='bbox 785 2065 817 2122; x_wconf 91' lang='lat' dir='ltr'>in</span> <span class='ocrx_word' id='word_1_176' title='bbox 832 2064 958 2125; x_wconf 88' lang='lat' dir='ltr'>fluvium</span> <span class='ocrx_word' id='word_1_177' title='bbox 974 2065 1127 2166; x_wconf 77' lang='lat' dir='ltr'>sanguinis</span> <span class='ocrx_word' id='word_1_178' title='bbox 1136 2085 1226 2167; x_wconf 36' lang='lat' dir='ltr'>&#39;aper-</span> 
     </span>
     <span class='ocr_line' id='line_1_23' title="bbox 205 2153 1227 2232; baseline 0 -18"><span class='ocrx_word' id='word_1_179' title='bbox 205 2158 253 2215; x_wconf 87' lang='lat' dir='ltr'>tae</span> <span class='ocrx_word' id='word_1_180' title='bbox 276 2158 355 2216; x_wconf 82' lang='lat' dir='ltr'>sunt.</span> <span class='ocrx_word' id='word_1_181' title='bbox 400 2154 486 2214; x_wconf 88' lang='lat' dir='ltr'>Unde</span> <span class='ocrx_word' id='word_1_182' title='bbox 508 2153 603 2214; x_wconf 87' lang='lat' dir='ltr'>omnis</span> <span class='ocrx_word' id='word_1_183' title='bbox 630 2153 740 2212; x_wconf 86' lang='lat' dir='ltr'>femina</span> <span class='ocrx_word' id='word_1_184' title='bbox 771 2155 916 2230; x_wconf 81' lang='lat' dir='ltr'>procellas</span> <span class='ocrx_word' id='word_1_185' title='bbox 947 2153 1102 2232; x_wconf 83' lang='lat' dir='ltr'>sanguinis</span> <span class='ocrx_word' id='word_1_186' title='bbox 1133 2154 1165 2213; x_wconf 91' lang='lat' dir='ltr'>in</span> <span class='ocrx_word' id='word_1_187' title='bbox 1196 2174 1227 2215; x_wconf 91' lang='lat' dir='ltr'>se</span> 
     </span>
     <span class='ocr_line' id='line_1_24' title="bbox 205 2241 1227 2320; baseline 0.001 -18"><span class='ocrx_word' id='word_1_188' title='bbox 205 2244 303 2319; x_wconf 85' lang='lat' dir='ltr'>habet,</span> <span class='ocrx_word' id='word_1_189' title='bbox 326 2245 369 2303; x_wconf 92' lang='lat' dir='ltr'>ita</span> <span class='ocrx_word' id='word_1_190' title='bbox 393 2242 474 2320; x_wconf 91' lang='lat' dir='ltr'>quod</span> <span class='ocrx_word' id='word_1_191' title='bbox 497 2243 534 2301; x_wconf 87' lang='lat' dir='ltr'>ad</span> <span class='ocrx_word' id='word_1_192' title='bbox 557 2241 784 2303; x_wconf 87' lang='lat' dir='ltr'>similitudinem</span> <span class='ocrx_word' id='word_1_193' title='bbox 807 2243 1007 2302; x_wconf 84' lang='lat' dir='ltr'>continentiae</span> <span class='ocrx_word' id='word_1_194' title='bbox 1030 2246 1060 2302; x_wconf 90' lang='lat' dir='ltr'>et</span> <span class='ocrx_word' id='word_1_195' title='bbox 1075 2243 1227 2304; x_wconf 86' lang='lat' dir='ltr'>effusionis</span> 
     </span>
     <span class='ocr_line' id='line_1_25' title="bbox 206 2331 1229 2410; baseline 0 -18"><span class='ocrx_word' id='word_1_196' title='bbox 206 2335 294 2392; x_wconf 89' lang='lat' dir='ltr'>lunae</span> <span class='ocrx_word' id='word_1_197' title='bbox 318 2335 420 2410; x_wconf 83' lang='lat' dir='ltr'>guttas</span> <span class='ocrx_word' id='word_1_198' title='bbox 442 2331 594 2410; x_wconf 83' lang='lat' dir='ltr'>sanguinis</span> <span class='ocrx_word' id='word_1_199' title='bbox 617 2332 665 2391; x_wconf 92' lang='lat' dir='ltr'>sui</span> <span class='ocrx_word' id='word_1_200' title='bbox 680 2334 761 2390; x_wconf 87' lang='grc'><strong>111111</strong></span> <span class='ocrx_word' id='word_1_201' title='bbox 780 2335 810 2391; x_wconf 88' lang='grc'>11</span> <span class='ocrx_word' id='word_1_202' title='bbox 826 2331 961 2407; x_wconf 84' lang='lat' dir='ltr'>effimdit,</span> <span class='ocrx_word' id='word_1_203' title='bbox 985 2334 1015 2392; x_wconf 93' lang='lat' dir='ltr'>et</span> <span class='ocrx_word' id='word_1_204' title='bbox 1031 2331 1112 2408; x_wconf 91' lang='lat' dir='ltr'>quod</span> <span class='ocrx_word' id='word_1_205' title='bbox 1127 2333 1229 2392; x_wconf 92' lang='lat' dir='ltr'>omnia</span> 
     </span>
    </p>

    <p class='ocr_par' dir='ltr' id='par_1_8' title="bbox 166 2421 1227 2856">
     <span class='ocr_line' id='line_1_26' title="bbox 166 2421 1227 2498; baseline 0.004 -18"><span class='ocrx_word' id='word_1_206' title='bbox 166 2433 194 2480; x_wconf 72' lang='lat' dir='ltr'>uo</span> <span class='ocrx_word' id='word_1_207' title='bbox 207 2421 339 2481; x_wconf 89' lang='lat' dir='ltr'>mambra</span> <span class='ocrx_word' id='word_1_208' title='bbox 373 2423 444 2494; x_wconf 80' lang='lat' dir='ltr'>eius,</span> <span class='ocrx_word' id='word_1_209' title='bbox 479 2440 555 2498; x_wconf 89' lang='lat' dir='ltr'>quae</span> <span class='ocrx_word' id='word_1_210' title='bbox 588 2422 670 2481; x_wconf 83' lang='lat' dir='ltr'>venis</span> <span class='ocrx_word' id='word_1_211' title='bbox 704 2421 911 2497; x_wconf 80' lang='lat' dir='ltr'>compaginata</span> <span class='ocrx_word' id='word_1_212' title='bbox 933 2423 1011 2492; x_wconf 79' lang='grc'><strong>111111,</strong></span> <span class='ocrx_word' id='word_1_213' title='bbox 1041 2421 1227 2498; x_wconf 87' lang='lat' dir='ltr'>aperiuntur.</span> 
     </span>
     <span class='ocr_line' id='line_1_27' title="bbox 204 2509 1226 2587; baseline 0 -17"><span class='ocrx_word' id='word_1_214' title='bbox 204 2510 280 2570; x_wconf 89' lang='lat' dir='ltr'>Nam</span> <span class='ocrx_word' id='word_1_215' title='bbox 311 2513 385 2585; x_wconf 90' lang='lat' dir='ltr'>&lt;ut&gt;</span> <span class='ocrx_word' id='word_1_216' title='bbox 412 2512 484 2570; x_wconf 89' lang='lat' dir='ltr'>luna</span> <span class='ocrx_word' id='word_1_217' title='bbox 516 2510 619 2570; x_wconf 89' lang='lat' dir='ltr'>crescit</span> <span class='ocrx_word' id='word_1_218' title='bbox 646 2513 676 2568; x_wconf 95' lang='grc'>11</span> <span class='ocrx_word' id='word_1_219' title='bbox 704 2509 852 2582; x_wconf 88' lang='lat' dir='ltr'>decrescit,</span> <span class='ocrx_word' id='word_1_220' title='bbox 884 2510 927 2569; x_wconf 90' lang='lat' dir='ltr'>ita</span> <span class='ocrx_word' id='word_1_221' title='bbox 958 2511 1078 2587; x_wconf 82' lang='lat' dir='ltr'>sanguis</span> <span class='ocrx_word' id='word_1_222' title='bbox 1107 2513 1138 2570; x_wconf 90' lang='grc'>11</span> <span class='ocrx_word' id='word_1_223' title='bbox 1168 2511 1226 2570; x_wconf 91' lang='lat' dir='ltr'>hu-</span> 
     </span>
     <span class='ocr_line' id='line_1_28' title="bbox 206 2599 1226 2677; baseline -0.001 -17"><span class='ocrx_word' id='word_1_224' title='bbox 206 2620 303 2661; x_wconf 90' lang='lat' dir='ltr'>mores</span> <span class='ocrx_word' id='word_1_225' title='bbox 325 2620 379 2677; x_wconf 90' lang='lat' dir='ltr'>per</span> <span class='ocrx_word' id='word_1_226' title='bbox 401 2602 587 2658; x_wconf 90' lang='lat' dir='ltr'>menstruum</span> <span class='ocrx_word' id='word_1_227' title='bbox 610 2602 729 2673; x_wconf 88' lang='lat' dir='ltr'>tempus</span> <span class='ocrx_word' id='word_1_228' title='bbox 752 2599 784 2657; x_wconf 90' lang='lat' dir='ltr'>in</span> <span class='ocrx_word' id='word_1_229' title='bbox 805 2599 932 2658; x_wconf 86' lang='lat' dir='ltr'>muliera</span> <span class='ocrx_word' id='word_1_230' title='bbox 954 2602 1133 2676; x_wconf 80' lang='lat' dir='ltr'>purgantur,</span> <span class='ocrx_word' id='word_1_231' title='bbox 1157 2600 1226 2660; x_wconf 90' lang='lat' dir='ltr'>alio·</span> 
     </span>
     <span class='ocr_line' id='line_1_29' title="bbox 207 2687 1226 2766; baseline 0 -18"><span class='ocrx_word' id='word_1_232' title='bbox 207 2690 280 2766; x_wconf 88' lang='lat' dir='ltr'>quin</span> <span class='ocrx_word' id='word_1_233' title='bbox 303 2690 412 2748; x_wconf 89' lang='lat' dir='ltr'>durare</span> <span class='ocrx_word' id='word_1_234' title='bbox 434 2707 494 2748; x_wconf 88' lang='lat' dir='ltr'>non</span> <span class='ocrx_word' id='word_1_235' title='bbox 516 2690 623 2764; x_wconf 88' lang='lat' dir='ltr'>posset,</span> <span class='ocrx_word' id='word_1_236' title='bbox 640 2687 711 2764; x_wconf 86' lang='lat' dir='ltr'>quia</span> <span class='ocrx_word' id='word_1_237' title='bbox 726 2687 878 2748; x_wconf 89' lang='lat' dir='ltr'>humidior</span> <span class='ocrx_word' id='word_1_238' title='bbox 892 2688 957 2748; x_wconf 89' lang='lat' dir='ltr'>viro</span> <span class='ocrx_word' id='word_1_239' title='bbox 973 2691 1024 2757; x_wconf 85' lang='lat' dir='ltr'>est.</span> <span class='ocrx_word' id='word_1_240' title='bbox 1040 2691 1071 2748; x_wconf 88' lang='lat' dir='ltr'>et</span> <span class='ocrx_word' id='word_1_241' title='bbox 1088 2707 1226 2766; x_wconf 79' lang='lat' dir='ltr'>magnam</span> 
     </span>
     <span class='ocr_line' id='line_1_30' title="bbox 205 2776 1224 2856; baseline 0 -20"><span class='ocrx_word' id='word_1_242' title='bbox 205 2779 407 2838; x_wconf 85' lang='lat' dir='ltr'>infirmitatem</span> <span class='ocrx_word' id='word_1_243' title='bbox 428 2777 580 2841; x_wconf 89' lang='lat' dir='ltr'>incideret.</span> <span class='ocrx_word' id='word_1_244' title='bbox 625 2776 776 2837; x_wconf 82' lang='lat' dir='ltr'>Pudicitia</span> <span class='ocrx_word' id='word_1_245' title='bbox 799 2780 900 2837; x_wconf 88' lang='lat' dir='ltr'>autam</span> <span class='ocrx_word' id='word_1_246' title='bbox 922 2779 1087 2837; x_wconf 88' lang='lat' dir='ltr'>claustrum</span> <span class='ocrx_word' id='word_1_247' title='bbox 1102 2778 1224 2856; x_wconf 77' lang='lat' dir='ltr'>integri-</span> 
     </span>
    </p>

    <p class='ocr_par' dir='ltr' id='par_1_9' title="bbox 166 2866 1227 3033">
     <span class='ocr_line' id='line_1_31' title="bbox 166 2866 1227 2944; baseline 0.002 -20"><span class='ocrx_word' id='word_1_248' title='bbox 166 2867 278 2926; x_wconf 72' lang='lat' dir='ltr'>rotatis</span> <span class='ocrx_word' id='word_1_249' title='bbox 300 2867 331 2926; x_wconf 92' lang='lat' dir='ltr'>in</span> <span class='ocrx_word' id='word_1_250' title='bbox 354 2867 470 2944; x_wconf 83' lang='lat' dir='ltr'>virgine</span> <span class='ocrx_word' id='word_1_251' title='bbox 494 2869 546 2938; x_wconf 87' lang='lat' dir='ltr'>est,</span> <span class='ocrx_word' id='word_1_252' title='bbox 571 2866 642 2942; x_wconf 91' lang='lat' dir='ltr'>quia</span> <span class='ocrx_word' id='word_1_253' title='bbox 665 2885 740 2942; x_wconf 88' lang='lat' dir='ltr'>opus</span> <span class='ocrx_word' id='word_1_254' title='bbox 769 2867 828 2926; x_wconf 88' lang='lat' dir='ltr'>viri</span> <span class='ocrx_word' id='word_1_255' title='bbox 855 2867 1018 2927; x_wconf 87' lang='lat' dir='ltr'>transilivit</span> <span class='ocrx_word' id='word_1_256' title='bbox 1046 2866 1126 2926; x_wconf 85' lang='lat' dir='ltr'>idam</span> <span class='ocrx_word' id='word_1_257' title='bbox 1153 2886 1227 2944; x_wconf 88' lang='lat' dir='ltr'>opus</span> 
     </span>
     <span class='ocr_line' id='line_1_32' title="bbox 206 2955 1227 3033; baseline 0.002 -19"><span class='ocrx_word' id='word_1_258' title='bbox 206 2957 355 3032; x_wconf 83' lang='lat' dir='ltr'>ignorans,</span> <span class='ocrx_word' id='word_1_259' title='bbox 387 2959 416 3014; x_wconf 90' lang='lat' dir='ltr'>et</span> <span class='ocrx_word' id='word_1_260' title='bbox 447 2955 514 3015; x_wconf 88' lang='lat' dir='ltr'>ideo</span> <span class='ocrx_word' id='word_1_261' title='bbox 542 2956 730 3014; x_wconf 89' lang='lat' dir='ltr'>menstrualis</span> <span class='ocrx_word' id='word_1_262' title='bbox 764 2955 885 3033; x_wconf 83' lang='lat' dir='ltr'>sanguis</span> <span class='ocrx_word' id='word_1_263' title='bbox 922 2956 954 3014; x_wconf 89' lang='lat' dir='ltr'>in</span> <span class='ocrx_word' id='word_1_264' title='bbox 985 2955 1100 3033; x_wconf 82' lang='lat' dir='ltr'>virgine</span> <span class='ocrx_word' id='word_1_265' title='bbox 1133 2957 1227 3033; x_wconf 83' lang='lat' dir='ltr'>magis</span> 
     </span>
    </p>
   </div>
   <div class='ocr_carea' id='block_1_3' title="bbox 166 3043 1226 3569">
    <p class='ocr_par' dir='ltr' id='par_1_10' title="bbox 166 3043 1226 3569">
     <span class='ocr_line' id='line_1_33' title="bbox 207 3043 1226 3122; baseline 0 -18"><span class='ocrx_word' id='word_1_266' title='bbox 207 3045 387 3122; x_wconf 81' lang='lat' dir='ltr'>sanguineus</span> <span class='ocrx_word' id='word_1_267' title='bbox 410 3047 454 3104; x_wconf 89' lang='lat' dir='ltr'>est</span> <span class='ocrx_word' id='word_1_268' title='bbox 477 3064 567 3120; x_wconf 88' lang='lat' dir='ltr'>quam</span> <span class='ocrx_word' id='word_1_269' title='bbox 589 3044 620 3103; x_wconf 91' lang='lat' dir='ltr'>in</span> <span class='ocrx_word' id='word_1_270' title='bbox 644 3045 761 3117; x_wconf 88' lang='lat' dir='ltr'>femina,</span> <span class='ocrx_word' id='word_1_271' title='bbox 792 3044 932 3122; x_wconf 88' lang='lat' dir='ltr'>quoniam</span> <span class='ocrx_word' id='word_1_272' title='bbox 955 3045 1041 3122; x_wconf 84' lang='lat' dir='ltr'>virgo</span> <span class='ocrx_word' id='word_1_273' title='bbox 1065 3043 1162 3106; x_wconf 91' lang='lat' dir='ltr'>adhuc</span> <span class='ocrx_word' id='word_1_274' title='bbox 1184 3049 1226 3106; x_wconf 89' lang='lat' dir='ltr'>est</span> 
     </span>
     <span class='ocr_line' id='line_1_34' title="bbox 207 3132 1225 3212; baseline 0 -18"><span class='ocrx_word' id='word_1_275' title='bbox 207 3135 315 3195; x_wconf 89' lang='lat' dir='ltr'>clausa.</span> <span class='ocrx_word' id='word_1_276' title='bbox 360 3132 435 3193; x_wconf 87' lang='lat' dir='ltr'>Nam</span> <span class='ocrx_word' id='word_1_277' title='bbox 457 3136 618 3210; x_wconf 87' lang='lat' dir='ltr'>postquam</span> <span class='ocrx_word' id='word_1_278' title='bbox 640 3133 726 3209; x_wconf 84' lang='lat' dir='ltr'>virgo</span> <span class='ocrx_word' id='word_1_279' title='bbox 755 3134 968 3209; x_wconf 80' lang='lat' dir='ltr'>corrumpitur,</span> <span class='ocrx_word' id='word_1_280' title='bbox 1001 3134 1104 3193; x_wconf 89' lang='lat' dir='ltr'>deinde</span> <span class='ocrx_word' id='word_1_281' title='bbox 1133 3135 1225 3212; x_wconf 78' lang='lat' dir='ltr'>magis</span> 
     </span>
     <span class='ocr_line' id='line_1_35' title="bbox 206 3222 1224 3299; baseline 0 -16"><span class='ocrx_word' id='word_1_282' title='bbox 206 3223 331 3283; x_wconf 83' lang='lat' dir='ltr'>livorem</span> <span class='ocrx_word' id='word_1_283' title='bbox 359 3223 391 3282; x_wconf 91' lang='lat' dir='ltr'>in</span> <span class='ocrx_word' id='word_1_284' title='bbox 420 3225 571 3283; x_wconf 84' lang='lat' dir='ltr'>menstruo</span> <span class='ocrx_word' id='word_1_285' title='bbox 602 3222 746 3299; x_wconf 83' lang='lat' dir='ltr'>sanguina</span> <span class='ocrx_word' id='word_1_286' title='bbox 776 3222 874 3295; x_wconf 90' lang='lat' dir='ltr'>habet,</span> <span class='ocrx_word' id='word_1_287' title='bbox 906 3223 977 3299; x_wconf 88' lang='lat' dir='ltr'>quia</span> <span class='ocrx_word' id='word_1_288' title='bbox 1007 3225 1148 3299; x_wconf 89' lang='lat' dir='ltr'>corrupta</span> <span class='ocrx_word' id='word_1_289' title='bbox 1174 3227 1224 3299; x_wconf 79' lang='lat' dir='ltr'>est,</span> 
     </span>
     <span class='ocr_line' id='line_1_36' title="bbox 166 3311 1224 3390; baseline 0.002 -20"><span class='ocrx_word' id='word_1_290' title='bbox 166 3323 195 3370; x_wconf 80' lang='lat'>55</span> <span class='ocrx_word' id='word_1_291' title='bbox 209 3333 300 3390; x_wconf 87' lang='lat' dir='ltr'>quam</span> <span class='ocrx_word' id='word_1_292' title='bbox 321 3313 406 3388; x_wconf 89' lang='lat' dir='ltr'>prius</span> <span class='ocrx_word' id='word_1_293' title='bbox 429 3312 558 3387; x_wconf 85' lang='lat' dir='ltr'>haberet,</span> <span class='ocrx_word' id='word_1_294' title='bbox 582 3330 650 3370; x_wconf 93' lang='lat' dir='ltr'>cum</span> <span class='ocrx_word' id='word_1_295' title='bbox 673 3312 760 3390; x_wconf 81' lang='lat' dir='ltr'>virgo</span> <span class='ocrx_word' id='word_1_296' title='bbox 783 3315 867 3373; x_wconf 87' lang='grc'><strong>11111.</strong></span> <span class='ocrx_word' id='word_1_297' title='bbox 901 3311 940 3370; x_wconf 82' lang='lat' dir='ltr'>llt</span> <span class='ocrx_word' id='word_1_298' title='bbox 963 3331 1032 3372; x_wconf 91' lang='lat' dir='ltr'>cum</span> <span class='ocrx_word' id='word_1_299' title='bbox 1058 3312 1159 3388; x_wconf 89' lang='lat' dir='ltr'>puella</span> <span class='ocrx_word' id='word_1_300' title='bbox 1180 3313 1224 3372; x_wconf 84' lang='lat' dir='ltr'>ed·</span> 
     </span>
     <span class='ocr_line' id='line_1_37' title="bbox 208 3401 1223 3480; baseline -0.001 -19"><span class='ocrx_word' id='word_1_301' title='bbox 208 3403 268 3462; x_wconf 90' lang='lat' dir='ltr'>huo</span> <span class='ocrx_word' id='word_1_302' title='bbox 289 3402 321 3460; x_wconf 91' lang='lat' dir='ltr'>in</span> <span class='ocrx_word' id='word_1_303' title='bbox 344 3402 516 3480; x_wconf 78' lang='lat' dir='ltr'>integritate</span> <span class='ocrx_word' id='word_1_304' title='bbox 538 3401 624 3478; x_wconf 83' lang='lat' dir='ltr'>virgo</span> <span class='ocrx_word' id='word_1_305' title='bbox 656 3404 709 3478; x_wconf 89' lang='grc'><strong>111,</strong></span> <span class='ocrx_word' id='word_1_306' title='bbox 742 3404 815 3460; x_wconf 88' lang='lat' dir='ltr'>tuno</span> <span class='ocrx_word' id='word_1_307' title='bbox 848 3401 879 3459; x_wconf 91' lang='lat' dir='ltr'>in</span> <span class='ocrx_word' id='word_1_308' title='bbox 910 3420 944 3460; x_wconf 88' lang='lat' dir='ltr'>ea</span> <span class='ocrx_word' id='word_1_309' title='bbox 975 3404 1046 3460; x_wconf 87' lang='grc'><strong>111111</strong></span> <span class='ocrx_word' id='word_1_310' title='bbox 1077 3404 1223 3462; x_wconf 88' lang='lat' dir='ltr'>menstrua</span> 
     </span>
     <span class='ocr_line' id='line_1_38' title="bbox 209 3490 1223 3569; baseline 0 -18"><span class='ocrx_word' id='word_1_311' title='bbox 209 3491 294 3568; x_wconf 86' lang='lat' dir='ltr'>quasi</span> <span class='ocrx_word' id='word_1_312' title='bbox 317 3494 421 3569; x_wconf 81' lang='lat' dir='ltr'>guttae</span> <span class='ocrx_word' id='word_1_313' title='bbox 444 3491 480 3550; x_wconf 93' lang='lat' dir='ltr'>de</span> <span class='ocrx_word' id='word_1_314' title='bbox 502 3491 602 3566; x_wconf 79' lang='lat' dir='ltr'>venis3</span> <span class='ocrx_word' id='word_1_315' title='bbox 624 3493 783 3567; x_wconf 88' lang='lat' dir='ltr'>postquam</span> <span class='ocrx_word' id='word_1_316' title='bbox 807 3493 907 3550; x_wconf 89' lang='lat' dir='ltr'>autem</span> <span class='ocrx_word' id='word_1_317' title='bbox 923 3490 1135 3567; x_wconf 85' lang='lat' dir='ltr'>corrumpitur,</span> <span class='ocrx_word' id='word_1_318' title='bbox 1158 3494 1223 3551; x_wconf 90' lang='lat' dir='ltr'>tunc</span> 
     </span>
    </p>
   </div>
   <div class='ocr_carea' id='block_1_4' title="bbox 0 0 1336 3929">
    <p class='ocr_par' dir='ltr' id='par_1_11' title="bbox 0 0 1336 3929">
     <span class='ocr_line' id='line_1_39' title="bbox 0 0 1336 3929; baseline 0 0"><span class='ocrx_word' id='word_1_319' title='bbox 0 0 1336 3929; x_wconf 95' lang='lat' dir='ltr'> </span> 
     </span>
    </p>
   </div>
  </div>
 </body>
</html>
