2668 3924
376 189 521 244 CAUSAE
539 190 586 244 ΕΤ
604 190 726 248 CURAE
744 191 811 248 LIB.
830 193 877 247 ΠΙ.
1071 200 1134 261 173

116 372 233 450 persico
265 376 319 432 aui
341 371 378 432 de
400 374 487 450 prino
510 374 654 434 mriutem
677 375 836 435 eorundem
859 377 1010 455 lignorum
1041 378 1072 438 in
1104 398 1134 440 se

115 462 215 535 habet,
248 465 279 522 eb
310 465 419 535 natura
445 481 499 522 sua
521 462 732 524 humiditatem
755 466 912 525 naulorum
933 467 965 526 in
987 485 1018 526 se
1040 467 1135 528 trabib

116 571 185 612 cum
208 551 315 623 calore,
343 570 433 628 quem
456 551 568 610 subde
595 552 687 612 labere
718 557 772 612 sub
802 554 838 613 de
870 556 987 615 fornace
1019 558 1134 634 ancipit,

115 641 189 718 quia
216 640 268 700 ille
291 640 364 700 lenis
387 643 417 700 eb
439 659 499 700 non
522 660 588 700 suar
610 659 671 701 esse
694 641 789 704 debeb.
835 644 875 703 El
901 644 952 719 iu,
986 649 1023 704 ub
1049 665 1131 722 prae-

116 731 232 790 diebum
254 732 306 800 est,
329 729 440 789 humor
462 731 617 790 oculorum
639 731 769 792 eessabib
1147 747 1161 790 s

182 819 231 878 Da
252 819 376 880 auditus
398 819 604 882 dissimulasse.
649 819 682 878 si
712 820 749 880 de
778 820 880 897 aliquo
911 822 1049 899 flegmate
1081 828 1134 884 ani

114 909 176 968 alio
198 908 288 967 modo
310 908 491 968 infirmitatis
514 908 636 969 auditus
658 909 785 970 hominis
808 911 1008 983 eonlunditun
1032 911 1134 972 elbum

114 997 187 1058 thus
209 997 337 1072 aeeipiat
359 1001 390 1057 el
412 1016 447 1056 ex
470 1016 504 1057 eo
527 999 645 1058 fumum
673 1017 762 1074 super
793 1000 863 1060 vivo
895 1001 1021 1060 carbone
1044 1002 1134 1061 faeiat

115 1089 145 1146 et
168 1087 288 1146 fumum
310 1087 404 1147 istum
426 1087 457 1144 in
481 1106 583 1146 aurem
606 1087 784 1148 obduratam
803 1088 956 1149 ascendere
971 1091 1133 1167 permittat,

114 1175 168 1236 sed
190 1179 291 1236 tamen
314 1194 383 1235 raro
403 1175 460 1236 hoc
481 1176 579 1248 faeiat,
602 1196 639 1236 ne
661 1177 687 1236 si
708 1178 1174 1254 supramodumhoefeeeriu1o

114 1264 183 1324 inde
206 1265 292 1339 peius
319 1265 436 1328 habeat.
479 1263 556 1324 Nam
584 1265 697 1325 ualidus
725 1267 827 1326 fumus
850 1267 910 1327 albi
939 1267 1050 1344 thuris,
1080 1270 1132 1345 qui

115 1353 224 1429 purior
237 1354 322 1414 fumo
338 1354 463 1414 alberius
477 1353 576 1414 thuiis
591 1358 643 1430 est,
665 1355 761 1415 alieno
775 1356 845 1433 igns
860 1357 1004 1416 excitatus
1019 1359 1132 1416 malum

116 1443 246 1517 fumum,
270 1444 323 1520 qui
338 1443 492 1504 cerebrum
507 1447 538 1502 et
552 1443 690 1502 auditum
704 1444 834 1504 hominis
849 1446 1013 1523 confundit,
1036 1447 1133 1525 fugat.

184 1532 231 1592 De
253 1532 387 1592 dentem
410 1533 517 1594 delere.
553 1525 642 1612 ¹)Qui
666 1533 702 1592 de
724 1533 848 1608 putrido
872 1535 1015 1612 sanguine
1042 1540 1073 1595 et
1095 1536 1131 1595 da

115 1621 295 1698 purgatione
327 1621 438 1682 uerebri
469 1621 501 1682 in
531 1620 672 1681 dentibus
695 1622 789 1698 delei,
813 1621 995 1683 absinthium
1017 1629 1047 1684 el
1069 1645 1131 1686 ver·
1146 1634 1173 1678 15

114 1709 222 1768 henam
244 1711 361 1786 aequali
383 1710 513 1788 pondere
544 1711 670 1786 accipiat
701 1717 732 1770 et
763 1730 811 1770 eas
843 1713 875 1771 in
897 1714 977 1772 claro
1001 1716 1032 1773 eb
1053 1714 1130 1774 boue

111 1800 181 1859 uino
210 1799 241 1858 in
266 1819 343 1861 nova
366 1801 426 1860 olla
449 1803 558 1876 eoquat
581 1804 612 1860 et
633 1801 738 1860 vinum
760 1800 838 1860 illud
864 1801 906 1860 sie
932 1805 1050 1862 coebum
1077 1821 1132 1878 per

113 1907 246 1964 pannum
275 1890 352 1948 colet
379 1891 469 1966 atque
501 1889 618 1950 modico
651 1908 773 1949 zueearo
797 1889 899 1950 addito
923 1892 1027 1950 viuum
1049 1891 1131 1950 istud

116 1977 208 2050 bibat,
230 1977 283 2038 sed
305 1980 335 2037 eb
357 1978 462 2038 herbas
484 1979 557 2038 istas
580 1978 690 2038 ualidas
714 1982 751 2051 et,
775 1979 853 2039 sieut
874 1979 1062 2055 praediolum
1078 1984 1130 2056 esi,

114 2070 223 2143 enaim,
259 2085 327 2128 cum
361 2066 524 2127 dormitum
554 2067 645 2142 vadit,
676 2068 821 2143 maxillae,
855 2068 909 2127 ubi
938 2068 970 2127 in
992 2067 1131 2129 dentibus
1144 2077 1172 2122 20

113 2155 202 2228 dolet,
227 2154 431 2233 circumponat
454 2159 485 2216 et·
502 2175 599 2233 penno
623 2156 751 2233 desuper
771 2157 854 2234 liget.
899 2157 939 2216 ut
961 2158 1017 2218 hoe
1031 2159 1131 2234 faeiat,

112 2244 185 2305 dum
220 2248 348 2308 sanetur.
394 2245 506 2304 Vinum
537 2245 615 2306 enim
646 2245 728 2305 istud
760 2264 828 2305 eum
851 2247 1010 2321 praedictis
1032 2246 1131 2307 herbis

114 2337 316 2410 temperatum
338 2337 369 2394 eb
391 2334 522 2394 bibitum
543 2335 674 2409 venulas,
697 2354 774 2411 quae
789 2353 820 2394 se
835 2355 853 2394 a
867 2335 1040 2397 membrana
1055 2355 1130 2396 aere·

111 2422 159 2482 bri
182 2423 221 2482 ad
243 2423 402 2502 ginguivas
425 2422 559 2482 dentium
582 2424 757 2496 exuendum,
789 2424 914 2484 iubeiius
946 2429 1065 2502 purgat,
1101 2428 1131 2484 ei

112 2511 231 2572 eaedem
262 2511 370 2573 herbae
402 2511 531 2572 maxillis
565 2513 791 2588 circumpositae
826 2512 957 2572 dolorem
992 2514 1168 2573 dentium25

112 2601 240 2661 extamus
262 2601 411 2679 mitigant,
435 2602 506 2678 qnia
528 2602 607 2663 ealor
636 2598 777 2662 absinthii
805 2620 874 2661 eum
901 2603 997 2662 calore
1024 2602 1126 2662 verbs·

111 2709 165 2750 nae
188 2693 219 2750 eb
241 2709 309 2750 eum
336 2691 432 2750 calore
463 2691 524 2752 vini
558 2694 741 2767 temperatus
775 2691 891 2751 dolores
925 2691 1000 2751 istos
1038 2691 1130 2755 sedat.

111 2771 232 2859 †²)Qus
255 2780 286 2838 in
302 2779 440 2840 dentibus
462 2779 551 2855 dolet,
575 2798 644 2839 eum
666 2779 782 2840 modian
805 2780 962 2840 flebotomo
986 2783 1040 2840 aut
1062 2800 1130 2841 eum

112 2869 213 2928 breem
235 2887 359 2941 earnem,
384 2888 460 2945 quae
483 2868 561 2928 eirea
582 2869 708 2928 eundem
725 2869 842 2928 denhem
858 2871 910 2945 est,
933 2869 964 2928 id
981 2873 1026 2930 est
1039 2887 1125 2930 zana-

110 2958 184 3034 fleia,
206 2975 267 3018 uno
290 2958 412 3018 vulnere
435 2958 585 3018 modicum
607 2957 726 3029 ineidat,
749 2961 785 3018 ub
807 2956 889 3018 babes
911 2957 1023 3018 ibidem
1045 2978 1126 3036 egre-
1142 2967 1171 3014 ³0

112 3045 221 3118 diatim,
244 3050 275 3108 eb
296 3047 403 3108 melius
425 3046 555 3108 habebit.

178 3136 224 3196 De
255 3136 389 3196 dentiam
414 3136 566 3208 breuitate.
613 3127 705 3216 ³)Qui
727 3153 813 3196 sanos
841 3139 871 3196 sb
897 3136 999 3197 firmos
1028 3136 1130 3196 dentes

112 3223 220 3284 hebere
242 3225 317 3300 vult,
339 3225 370 3284 in
392 3244 486 3300 mane,
509 3243 579 3286 eum
601 3222 637 3284 de
660 3225 737 3284 lesbo
759 3242 814 3284 suo
837 3225 948 3302 surgit,
970 3243 1077 3301 puram
1101 3228 1131 3285 et

112 3313 254 3390 frigidam
282 3333 391 3390 aquam
418 3314 450 3372 iu
482 3331 514 3373 os
546 3332 635 3374 suum
666 3315 765 3372 sumai
790 3317 821 3373 eb
842 3315 886 3374 ibe
907 3333 961 3389 per
983 3313 1130 3374 modicam

112 3453 326 3462 “nn——

183 3519 207 3588 1)
216 3537 243 3574 v.
251 3519 356 3574 14-22
366 3543 400 3564 η
411 3520 507 3591 Migne
518 3519 676 3573 117211-
687 3517 746 3586 nv.
758 3518 861 3574 as-sl
876 3537 948 3589 =p.
961 3520 1128 3586 122‚20-20=

111 3591 208 3661 nigla
228 3590 297 3645 uss
314 3589 344 3646 c.
368 3621 402 3630 -
420 3589 443 3661 Β)
462 3609 489 3646 v.
508 3589 590 3644 ss-
603 3608 631 3659 p.
651 3590 725 3657 174„
745 3615 777 3634 =
797 3589 894 3660 usgue
914 3590 981 3644 1211
1002 3589 1092 3644 s-c.
