2668 3924
188 174 250 234 170
574 165 818 222 HILDEGARDIS

190 347 214 432 1)
223 351 280 412 Sed
304 357 334 412 et
357 351 394 410 ed
416 352 526 410 flumen
548 350 639 411 vadat
665 355 718 411 aut
744 370 852 411 novam
882 369 991 428 aquam
1017 349 1049 407 in
1081 348 1205 425 aliquod

186 460 239 503 vas
261 441 368 501 fundat
390 443 420 500 et
443 441 569 515 desuper
591 441 734 501 inclinans
759 439 916 500 humorem
947 437 1078 499 eiusdem
1109 457 1206 514 aquae

189 531 283 592 oculis
307 529 442 606 excipiet,
466 533 497 588 et
518 529 560 589 sic
582 529 691 590 humor
704 531 755 590 ille
770 550 879 606 aquam
898 530 1054 589 oculorum
1069 546 1206 604 suornm,

187 638 264 697 quse
296 619 356 677 iem
389 619 420 677 in
454 618 527 695 ipsis
558 620 673 696 arescit,
706 621 815 680 excitet
846 623 877 680 et
906 637 956 681 eos
982 616 1098 678 lucidos
1121 616 1205 677 facit.

161 709 314 770 slsineum
337 726 456 784 quoque
478 724 610 782 pennum
633 709 759 785 accipiat
781 712 812 769 et
838 709 925 768 illum
947 709 980 767 in
1002 725 1079 784 pura
1101 710 1133 765 et
1155 706 1206 764 fri-

188 798 259 875 gida
281 817 359 873 aqua
381 797 533 874 intinguat
555 817 589 858 ac
611 818 680 857 eum
703 799 744 858 sic
766 797 952 874 temporibus
974 799 1006 856 et
1027 795 1121 856 oculis
1143 795 1207 855 suis

189 888 413 963 circumponens
435 886 518 964 liget,
549 906 663 961 cavens,
695 907 732 948 ne
754 889 856 948 oculos
883 885 1008 946 interino
1030 887 1146 962 tangat,
1169 903 1206 944 ne

188 976 224 1036 sb
249 996 328 1052 eque
342 975 556 1036 exulcerentur.
594 976 665 1038 Ideo
682 981 781 1038 autem
795 977 875 1037 lineo
890 995 995 1054 panno,
1019 974 1099 1051 quod
1113 992 1206 1034 suave

188 1070 242 1137 est,
279 1065 381 1124 oculos
415 1065 589 1125 madefacias
622 1070 653 1125 et
686 1067 797 1144 frigida
831 1085 921 1144 aqua,
953 1063 1096 1141 quatinus
1128 1081 1207 1138 equs

150 1154 345 1217 soeculorum
367 1172 421 1230 per
445 1173 552 1229 equum
575 1154 662 1214 istem
686 1157 724 1215 ad
750 1156 848 1215 visum
879 1154 1082 1216 resuscitetur.
1128 1150 1207 1221 Quia

188 1244 266 1302 euim
288 1243 368 1303 oculi
389 1243 470 1320 ignei
493 1247 571 1315 sunt,
594 1243 631 1304 de
650 1246 719 1322 igne
734 1245 876 1321 pellicula
891 1243 1047 1304 oculorum
1062 1241 1203 1316 exspissa-

188 1337 248 1406 tur,
272 1336 386 1393 etcum
402 1351 488 1408 eque,
513 1336 548 1391 ut
562 1333 747 1410 preadictum
763 1338 815 1406 est,
838 1333 983 1410 tangitur,
999 1332 1102 1392 eadem
1117 1329 1203 1406 pelli·

190 1422 257 1481 cula
279 1440 331 1497 per
354 1420 551 1496 frigiditatem
575 1426 606 1482 et
628 1422 838 1483 humiditatem
861 1413 955 1498 aquic
978 1423 1162 1482 attenuetur.

257 1514 304 1571 De
319 1511 412 1570 oculis
424 1511 541 1586 griseis.
576 1504 685 1590 ²)0um
705 1513 814 1589 aliquis
837 1512 949 1589 griseos
972 1511 1072 1571 oeulos
1095 1509 1207 1569 habens

150 1616 177 1660 15
190 1601 221 1660 in
243 1599 285 1658 eis
307 1599 409 1675 aliquo
431 1599 520 1658 modo
544 1601 652 1679 caliget
675 1607 705 1661 et
726 1602 815 1673 dolet,
839 1619 907 1661 cum
930 1600 1018 1660 dolor
1041 1599 1092 1658 ille
1109 1598 1207 1660 adhuc

190 1707 289 1748 recens
311 1691 363 1764 est,
386 1688 549 1749 feniculum
571 1690 620 1750 vel
648 1709 747 1750 semen
773 1691 837 1750 eins
869 1689 996 1766 accipiat
1018 1691 1048 1749 st
1069 1692 1153 1748 terat
1177 1693 1208 1749 et

190 1779 232 1838 sie
260 1781 360 1838 sumat
391 1797 512 1838 succum
539 1779 602 1839 eins
624 1783 654 1840 et
676 1799 783 1855 rorem,
806 1797 895 1855 quem
918 1797 1009 1854 super
1032 1781 1114 1838 recto
1138 1797 1205 1855 gra·

191 1868 269 1927 mine
290 1867 445 1943 invenerit,
476 1871 506 1927 et
538 1869 686 1930 modicum
714 1869 859 1928 farinulae
882 1868 1000 1928 similae
1023 1871 1054 1927 et
1075 1867 1149 1926 haec
1172 1871 1208 1927 ut

191 1956 345 2018 tortellum
372 1957 557 2016 commisceat
583 1962 674 2034 atque
704 1959 736 2016 in
764 1962 851 2018 nocte
883 1957 977 2019 oculis
1008 1957 1070 2016 suis
1104 1975 1207 2033 super·
1322 1983 1323 1990 ¹

151 2049 282 2122 apponat
315 2051 345 2105 ot
377 2065 475 2121 panno
508 2047 596 2123 liget,
628 2050 659 2107 et
684 2046 792 2108 melius
818 2047 947 2107 hebebit.
993 2045 1099 2106 Suavis
1129 2047 1207 2106 enim

192 2135 272 2194 calor
294 2135 417 2194 feniculi
440 2153 508 2194 cum
530 2154 597 2196 rore
619 2139 650 2196 et
671 2136 849 2196 fortitudine
875 2135 990 2196 similae
1018 2139 1207 2211 temperatus

192 2224 307 2284 dolores
337 2222 391 2283 hos
421 2223 527 2287 aufert.
572 2223 646 2284 Nam
678 2226 769 2304 grisei
798 2225 876 2285 oculi
907 2225 943 2284 de
977 2243 1043 2284 aere
1071 2230 1151 2301 sunt,
1176 2228 1207 2286 et

191 2314 258 2372 ideo
281 2329 331 2372 ros
352 2311 399 2372 his
421 2315 659 2389 temperamentis
682 2314 811 2376 additur.

259 2402 304 2464 Dc
326 2402 420 2462 ocutis
441 2403 546 2477 igneis.
579 2395 641 2481 ⁸)Si
663 2403 760 2479 homo,
784 2404 838 2480 qni
859 2403 962 2480 igneos
985 2403 1084 2462 oculos
1107 2403 1208 2478 habet,

153 2492 224 2552 rein
247 2492 289 2552 eis
312 2491 423 2568 caligat
444 2495 474 2551 et
496 2492 585 2565 dolet,
608 2510 728 2552 succum
750 2493 847 2553 violae
871 2492 996 2568 accipiat
1018 2495 1049 2551 et
1071 2491 1118 2551 bis
1141 2497 1205 2552 tan·

193 2586 259 2642 tum
282 2580 318 2640 de
340 2599 427 2640 succo
450 2599 586 2640 rosarum
608 2585 639 2641 et
661 2582 741 2642 succi
764 2582 885 2642 feniculi
907 2580 1070 2642 secundum
1086 2582 1207 2642 tertium

193 2673 463 2747 patremmeum,
475 2671 562 2730 ethis
572 2671 722 2733 modicum
736 2672 799 2732 vini
811 2670 908 2746 addat,
921 2673 952 2730 et
963 2689 1032 2730 eum
1044 2669 1207 2730 dormitum

193 2759 290 2830 vadat,
307 2759 465 2835 collyrium
481 2759 536 2820 hoc
550 2761 628 2820 circa
643 2761 745 2822 oculos
767 2779 836 2820 suos
858 2762 961 2837 ungat,
991 2763 1145 2834 <cavens‚>
1173 2779 1209 2820 ne

194 2848 271 2907 forte
293 2851 415 2924 propter
437 2849 644 2910 fortitudinem
667 2851 730 2910 eius
758 2849 923 2912 laedantur.
968 2847 1025 2908 Sed
1056 2849 1082 2908 si
1109 2853 1209 2910 tamen

153 2948 182 2996 ³0
195 2937 296 2997 oculos
311 2936 435 2996 interius
450 2938 564 2998 modice
578 2939 722 3017 tetigerit,
737 2958 796 2999 non
814 2938 944 2998 multum
954 2937 1023 2997 inde
1040 2938 1209 3000 laeduntur.

196 3025 272 3085 Nem
295 3025 377 3102 qnod
400 3026 480 3087 oculi
501 3027 552 3087 isti
574 3028 610 3088 de
632 3028 702 3105 igue
723 3032 801 3105 sunt,
824 3046 893 3087 cum
915 3045 1005 3087 suave
1026 3027 1126 3104 frigus
1148 3029 1210 3088 vio·

196 3115 242 3174 lae
274 3118 305 3175 et
333 3133 423 3176 suave
454 3115 551 3194 frigus
582 3134 718 3178 rosarum
749 3136 817 3176 cum
849 3117 996 3177 suavitate
1029 3116 1154 3176 feniculi
1183 3119 1212 3176 et

197 3204 294 3264 calore
317 3204 381 3264 vini
403 3208 616 3281 temperantur,
649 3206 790 3282 quoniam
821 3205 920 3266 omnia
946 3205 1017 3265 haec
1043 3206 1075 3264 in
1101 3208 1211 3266 aestate

197 3294 300 3372 vigent
322 3296 353 3353 et
374 3294 412 3353 de
434 3295 519 3356 suavi
541 3296 639 3356 calore
662 3299 804 3370 crescunt,
837 3294 993 3371 caliginem
1020 3297 1051 3353 et
1078 3294 1210 3356 dolorem

198 3436 411 3444 -—--—---.-.-—

270 3502 291 3573 1)
319 3522 344 3558 v.
365 3493 452 3558 1-13'
471 3529 506 3549 ε
524 3503 621 3576 migne
641 3503 707 3559 1211
733 3503 765 3558 a.
789 3533 823 3542 -
847 3500 872 3572 2)
894 3501 1097 3558 v.14-eo=
1117 3503 1212 3574 usgue

198 3575 266 3630 ηδτ
289 3574 382 3630 s-u.
402 3606 436 3615 -
456 3573 479 3647 θ)
498 3595 525 3631 v.
544 3575 650 3631 u-se
670 3601 702 3620 =
722 3574 819 3645 usgue
838 3573 907 3628 nes
925 3571 959 3627 o.
