2668 3924
368 109 510 164 CAUSAE
530 110 576 164 ΕΤ
596 109 716 165 CURAE
735 110 803 166 LlB.
822 108 870 164 IV.
1070 117 1131 174 185

111 315 182 354 nem
204 294 374 352 liberabunt
397 298 451 353 aut
472 295 535 370 ipse
557 295 702 354 morietur
735 297 788 352 aut
812 294 883 353 dens
912 314 981 353 eum
1007 294 1129 352 liberari

111 404 173 443 non
204 383 281 444 vult.
326 381 399 441 Nem
432 383 563 443 diversae
594 387 625 442 et
655 383 768 442 nobiles
798 383 905 442 herbae
935 386 966 443 et
992 384 1128 459 pulveres

113 477 205 550 atque
229 473 419 531 condimenta
441 472 587 533 nobilium
614 472 775 531 herbarum
806 473 971 532 inordinate
1001 478 1130 532 comesta

112 563 192 624 sanis
219 562 389 620 hominibus
420 580 480 621 non
512 562 678 637 proderunt
711 561 762 621 sed
784 562 884 637 potius
906 562 1065 621 laesionem
1088 563 1130 622 eis

112 653 257 725 inferunt,
285 652 328 710 ita
350 651 431 727 quod
455 652 629 728 sanguinem
652 669 755 710 eorum
782 651 946 709 arefaciunt
973 655 1003 710 ct
1031 659 1158 711 carnes5

113 761 221 800 eorum
244 747 401 813 macerant,
426 741 565 816 quoniam
589 741 727 800 humores
749 740 817 799 illos
839 741 871 798 in
887 740 928 798 eis
943 758 1002 799 non
1017 741 1129 800 inueni·

112 834 179 905 unt,
204 831 235 888 in
260 829 369 905 quibus
392 831 470 889 vires
493 849 560 889 suas
584 848 716 889 exercere
738 832 872 903 possunt.
903 828 976 887 Nam
992 829 1023 886 in
1038 829 1131 888 homi·

112 920 203 978 nibus
227 919 305 979 vires
327 937 386 977 non
409 922 520 994 augent
542 937 595 978 nec
618 937 718 978 carnes
741 937 844 978 eorum
866 937 994 978 crescere
1009 919 1131 992 faciunt,

113 1009 167 1068 sed
191 1013 310 1067 tantum
334 1009 428 1067 melos
451 1008 597 1080 humores
626 1008 735 1084 quibus
758 1009 959 1083 adversantur,
982 1008 1130 1068 minuunt.

113 1098 173 1157 Sed
196 1117 266 1156 eum
289 1098 326 1156 ab
350 1097 450 1173 aliquo
473 1101 641 1168 sumuntur,
673 1097 730 1156 boo
762 1097 886 1156 discrete
909 1099 938 1155 et
960 1096 1130 1155 rationabili
1144 1105 1171 1150 10

113 1188 291 1246 necessitate
314 1186 374 1259 fiet,
398 1192 431 1244 et
454 1205 521 1245 cum
543 1205 619 1262 pune
641 1187 689 1244 vel
712 1187 742 1244 in
765 1187 834 1246 vino
857 1188 905 1246 rel
921 1205 988 1245 cum
1004 1187 1062 1244 alio
1079 1187 1129 1244 ali-

115 1296 177 1353 quo
201 1276 387 1335 condimento
407 1275 549 1350 ciborum,
566 1279 596 1333 et
611 1295 678 1334 raro
694 1276 793 1334 ieiuno
811 1276 923 1334 homini
938 1275 1130 1351 accipiantur,

114 1367 249 1441 alioquin
274 1367 377 1439 pectus
407 1366 550 1423 sumentis
573 1365 717 1424 suffocant
744 1369 774 1423 et
796 1366 967 1441 pulmonem
990 1367 1053 1424 eius
1073 1366 1131 1424 lae-

115 1457 193 1514 dunt
232 1473 265 1512 ao
301 1454 485 1513 stomachum
514 1454 596 1512 illius
632 1455 793 1512 incidentes
830 1455 956 1513 debilem
993 1455 1130 1526 reddunt,

115 1544 260 1620 qnoniam
284 1542 392 1618 absque
416 1543 600 1603 condimento
624 1546 744 1617 sumpta
766 1548 847 1614 snnt;
872 1543 952 1620 quod
975 1545 1053 1603 sicut
1067 1546 1131 1618 pul·
1146 1549 1172 1593 15

115 1635 163 1694 vis
186 1638 291 1702 terrae,
326 1651 414 1708 quem
439 1633 529 1691 homo
552 1633 715 1690 introrsum
736 1633 836 1706 trahit,
872 1652 940 1690 eum
962 1632 1063 1704 laedit,
1091 1634 1132 1692 sio

115 1732 147 1782 et
171 1723 229 1781 ista
251 1722 418 1781 inordinate
440 1728 558 1797 accepta
580 1721 727 1780 hominem
751 1722 845 1796 magis
868 1723 905 1779 ad
922 1721 1132 1781 detrimentum

114 1831 207 1888 quam
231 1811 268 1869 ad
291 1811 445 1870 sanitatem
469 1812 590 1869 ducunt,
635 1809 711 1868 Nam
733 1811 763 1868 in
787 1809 851 1868 cibo
873 1811 920 1869 vel
938 1812 1007 1884 post
1034 1811 1133 1874 cibum

113 1901 244 1960 hominis
267 1901 335 1958 ideo
351 1901 508 1976 praecipue
525 1900 692 1975 accipienda
712 1901 789 1973 sunt,
814 1899 894 1975 quod
908 1903 980 1956 tunc
995 1899 1132 1958 humores

9 2009 12 2018 ’
113 1991 252 2051 ciborum
278 1990 400 2048 illorum
428 1992 582 2048 attenuant
613 1992 643 2048 et
668 1988 818 2047 hominem
848 1990 1001 2062 acceptum
1033 1988 1132 2046 cibum
1145 1994 1172 2038 20

112 2081 250 2156 digerere
283 2079 405 2153 faciunt,
439 2081 559 2153 excepto
590 2080 615 2136 si
642 2078 729 2137 homo
752 2077 924 2136 huiusmodi
946 2077 1131 2136 infirmitates

112 2169 217 2242 habet,
243 2171 345 2227 contra
369 2186 443 2244 quas
466 2167 577 2226 nobiles
600 2170 631 2226 et
652 2167 744 2226 fortes
768 2166 873 2225 herbas
896 2170 949 2224 aut
969 2167 1133 2242 pretiosum
1158 2200 1161 2207 ·

112 2259 270 2336 pulverem
292 2258 409 2316 ieiunus
433 2257 606 2331 accepturus
629 2257 677 2316 sit,

599 2485 650 2548 IV.

187 2610 264 2668 Item
295 2609 330 2668 de
359 2611 506 2668 menstrui
534 2612 703 2671 retentione.
761 2603 784 2691 ¹)
795 2610 903 2668 Mulier
932 2629 1019 2686 ergo,
1055 2631 1131 2687 quae
1145 2623 1172 2666 25

115 2698 254 2758 obstrusa
277 2701 429 2757 menstrua
451 2698 566 2774 patitur
589 2699 706 2757 atinde
734 2699 829 2774 dolet,
858 2700 983 2775 accipiat
1011 2718 1131 2758 anesum

115 2791 148 2845 et
174 2787 373 2864 febrefugiam
401 2788 518 2863 aequali
545 2787 673 2862 pondere
700 2793 730 2847 et
756 2789 917 2848 wullenam
945 2789 1132 2865 aliquantum

114 2876 197 2952 plus,
226 2895 315 2952 quam
343 2877 431 2936 unius
458 2877 584 2935 istorum
610 2877 664 2952 sit,
696 2881 726 2937 et
758 2897 806 2936 eas
834 2880 943 2954 coquat
969 2883 1073 2954 aperto
1102 2883 1132 2939 et

114 2965 228 3024 fluento
263 2965 397 3041 flumine,
436 2966 516 3041 quod
555 2970 584 3024 et
616 2966 677 3024 sole
711 2970 741 3026 et
772 2986 838 3026 aere
869 2969 1066 3043 temperatur,
1103 2972 1133 3028 et

115 3058 189 3116 tunc
223 3055 312 3114 etiam
349 3059 448 3114 sumat
484 3055 590 3114 lateres
629 3057 659 3113 et
697 3074 744 3114 eos
778 3057 810 3114 in
843 3056 942 3134 ignem
975 3060 1068 3131 ponat
1101 3061 1170 3117 et3⁰

116 3161 216 3202 assum
242 3144 382 3203 balneum
418 3163 486 3202 oum
513 3143 664 3218 praedicta
691 3164 767 3220 aqua
794 3148 823 3204 et
848 3145 1008 3222 praedictis
1034 3145 1132 3204 herbis

115 3232 213 3295 faciat
259 3232 392 3308 (tumque
419 3233 475 3292 hoo
502 3234 641 3292 balneum
663 3234 833 3302 intraverit,
862 3253 951 3311 super
975 3234 1132 3293 scabellum

115 3321 221 3380 herbas
243 3322 315 3382 istas
338 3322 446 3382 calidas
468 3326 560 3397 ponat
583 3327 613 3382 et
635 3322 762 3398 desuper
783 3323 882 3382 sedeat
904 3327 995 3399 atque
1016 3323 1131 3382 easdem

191 3510 213 3582 ¹)
232 3529 258 3566 v.
277 3512 392 3582 26—p.
414 3513 498 3578 laza
521 3538 552 3558 =
572 3511 669 3582 Migne
689 3513 758 3566 1174
776 3513 808 3566 Β.
