2662 3932
373 151 516 208 ennean
534 152 581 208 nr
599 151 722 208 cunno
739 153 807 208 ms.
826 153 861 208 11.
1060 159 1122 220 121
1240 231 1242 237 Α

96 337 237 398 hominis
272 335 478 397 fortitudinem
508 335 598 398 habet
626 338 657 396 et
688 356 779 397 venae
806 339 869 397 eins
901 338 1124 414 plenitudinem,

98 431 196 503 tunc,
229 426 254 488 si
287 445 374 486 sanus
407 429 452 485 est
480 443 616 504 corpore,
647 426 811 486 secundum
842 445 1010 487 mensuram
1043 428 1125 486 illam

99 516 286 594 sanguinem
308 515 436 591 minuat,
466 534 556 592 qnam
584 515 686 576 sitiens
714 516 762 576 uir
792 534 853 577 uuo
874 515 973 594 halitu
995 517 1027 575 in
1049 535 1126 592 aqua

101 605 213 666 bibere
235 608 344 682 potest,
370 607 520 681 utsupra
542 604 656 665 dictum
683 608 740 677 est3
771 606 802 664 et
829 605 886 664 hoe
912 606 1004 665 fwist
1029 624 1125 682 usqne

99 694 142 754 ad
169 695 390 772 quinquaginta
412 712 511 756 annos.
538 693 611 754 Post
625 693 907 771 quinquagesimum
920 712 991 756 vero
1006 711 1152 769 eunome

99 801 170 860 quo
194 784 255 842 iam
277 782 399 862 sanguis
422 786 453 842 et
473 783 581 860 flegma
600 783 632 842 in
650 784 781 843 masculo
800 783 948 860 incipiunt
962 784 1126 846 decrescere

99 878 135 934 et
161 891 273 950 corpus
295 873 358 932 eins
380 889 521 947 erescere,
551 872 641 932 semel
668 873 700 932 in
726 891 802 932 anno
829 890 935 932 venam
962 873 1074 932 incidat
1095 877 1127 933 et

100 962 301 1023 medietatem
339 979 493 1021 mensurae
527 961 622 1036 illius,
660 981 750 1038 quam
788 966 857 1022 ante
893 962 925 1020 in
962 962 1126 1021 minutione

100 1051 264 1130 sanguinis
286 1051 400 1125 habuit,
423 1051 547 1126 minuat,
571 1055 602 1111 et
623 1049 680 1110 hoc
700 1051 849 1128 usquead
869 1051 1023 1128 octoginta
1036 1069 1126 1110 annos

99 1140 209 1206 fumat.
247 1139 362 1200 'Postea
384 1158 454 1201 vero
477 1140 562 1198 nulla
588 1140 691 1200 incisio
719 1159 810 1200 venae
836 1140 883 1200 illi
908 1139 1041 1216 prodest,
1073 1139 1124 1199 sed
1138 1154 1165 1201 10

98 1229 204 1308 magis
227 1248 296 1289 sum
317 1229 428 1303 laedet,
458 1229 529 1304 quia
551 1229 611 1288 iam
633 1230 716 1290 viror
738 1230 892 1307 sanguinis
919 1229 950 1288 in
979 1247 1014 1290 eo
1037 1229 1150 1300 aruit.
1228 1285 1233 1298 ,

99 1320 164 1380 nisi
189 1337 298 1397 magna
319 1318 475 1379 inundatio
498 1321 529 1377 et
551 1318 670 1395 eruptio
684 1317 846 1378 humorum
860 1319 918 1395 ipsi
932 1319 1010 1380 forte
1025 1337 1126 1395 super·

100 1409 218 1484 veniat,
241 1411 272 1468 et
293 1411 366 1478 tunc
379 1410 502 1484 propter
516 1407 591 1466 hanc
605 1427 744 1486 magnam
758 1409 963 1470 necessitatem
977 1407 1127 1468 modicum

102 1497 264 1576 sanguinis
285 1498 317 1556 in
339 1515 416 1559 rena
438 1497 563 1560 emittat.
602 1496 659 1556 Sed
682 1497 753 1572 qnia
773 1501 843 1575 post
864 1498 1016 1575 octoginta
1037 1515 1127 1558 annos

102 1605 203 1647 venae
225 1585 351 1646 masculi
373 1587 432 1645 iam
460 1585 601 1645 deficiunt
628 1588 660 1644 et
685 1587 815 1646 minutio
842 1587 995 1664 sanguinis
1018 1587 1045 1646 ei
1068 1605 1127 1646 non
1141 1601 1168 1647 15

101 1676 203 1750 valet,
234 1675 343 1750 barbis,
376 1675 489 1736 scilicet
510 1675 591 1744 cardi
613 1676 693 1753 nigri
720 1679 751 1736 et
777 1676 925 1736 similibus
947 1677 978 1735 in
1000 1693 1124 1752 corpore
1214 1745 1216 1747 ,

102 1784 165 1826 sno
187 1765 324 1841 pustulas
346 1765 545 1842 inturgescere
566 1764 662 1840 tacut,
684 1767 722 1824 nt
743 1765 787 1824 ita
808 1765 913 1824 noxius
933 1763 1050 1836 humor,
1073 1766 1126 1840 qui

102 1858 155 1914 est
182 1854 384 1914 intercutem
411 1857 442 1914 ct
467 1871 597 1929 carnem,
624 1853 831 1929 rumpentibus
856 1854 987 1929 pustulis
1013 1853 1127 1917 effluat.

102 1943 219 2003 Mulier
251 1946 351 2006 autem
381 1944 475 2021 magis
512 1943 615 2019 pluras
647 1944 750 2002 noxios
788 1943 926 2003 humores
962 1945 994 2002 st
1031 1943 1126 2019 magis

103 2033 228 2092 noxiam
248 2033 348 2094 tabem
369 2033 402 2092 in
424 2050 547 2110 corpore
569 2051 624 2091 suo
647 2049 738 2108 quam
760 2033 908 2092 masculus
930 2031 1027 2096 habet.
1138 2046 1167 2092 so

180 2121 376 2182 massas
389 2123 562 2182 minutiem
599 2120 685 2180 Unde
699 2124 730 2181 et
744 2121 809 2197 ipsa
823 2139 842 2180 a
857 2121 1032 2182 duodecimo
1049 2139 1126 2180 anno
1240 2152 1241 2155 ¹

107 2210 219 2271 aetatis
228 2229 301 2271 suae
314 2211 436 2271 eandem
452 2210 694 2271 comtitutionem
709 2213 740 2270 et
753 2210 875 2271 eandem
891 2209 1126 2271 observationem

108 2298 286 2360 minutionis
306 2299 460 2378 sanguinis
482 2300 512 2359 in
535 2317 610 2362 sena
632 2299 778 2375 observet,
811 2319 900 2376 quam
925 2304 956 2360 et
978 2299 1127 2360 masculus

108 2387 211 2464 babet,
226 2392 347 2465 excepto
361 2388 443 2466 quod
457 2388 523 2465 ipsa
536 2389 732 2448 minutionem
746 2407 830 2449 snam
844 2407 939 2466 usque
953 2390 991 2450 ad
1006 2389 1126 2449 centesi-

109 2495 197 2538 mum
207 2495 318 2538 annum
328 2479 528 2555 prolongabit,
544 2478 686 2554 qnoniam
696 2478 733 2538 de
749 2479 842 2538 nesib
857 2478 1032 2538 humoribus
1044 2482 1074 2538 et
1089 2478 1126 2536 de
1138 2489 1167 2534 ss

108 2567 222 2628 infecta
242 2567 311 2628 aba
333 2567 429 2628 maior
450 2567 606 2628 necessitas
628 2567 656 2626 ai
670 2567 817 2628 incumbit
832 2587 921 2644 quam
937 2567 1013 2629 viro.
1039 2565 1127 2637 Quod

111 2656 202 2716 etism
224 2659 408 2718 menstruum
432 2659 553 2733 tempus
575 2657 618 2716 ita
640 2655 776 2718 ostendit
822 2655 897 2716 Nam
923 2656 948 2715 si
976 2659 1127 2715 menstruo

110 2749 246 2823 tempore
268 2745 304 2806 de
326 2745 422 2806 noxiis
443 2744 618 2806 humoribus
641 2749 674 2806 et
693 2743 730 2806 de
756 2745 825 2806 tabe
851 2765 910 2806 non
939 2753 1128 2823 purgaretur,

110 2837 178 2896 tota
205 2835 414 2895 intumesceret
444 2838 475 2894 st
505 2835 660 2895 inflaretur
689 2853 745 2895 nec
774 2834 875 2895 vivere
900 2839 1009 2910 posset.
1058 2831 1130 2894 Post

112 2924 304 2986 amasinum
327 2928 427 2984 autem
450 2943 564 2984 annum
587 2924 761 3002 sanguinem
782 2924 814 2983 in
835 2943 911 2985 vena
932 2942 990 2984 non
1004 2924 1169 2996 minuatne

113 3013 195 3090 quod
216 3015 289 3073 tunc
318 3016 382 3074 tam
413 3013 557 3091 sanguine
588 3031 678 3090 quam
708 3012 883 3073 humoribus
913 3013 1129 3090 profluentibus

113 3103 175 3162 iam
197 3105 327 3180 purgata
349 3106 401 3166 est
447 3101 505 3163 Sed
526 3103 551 3164 si
574 3103 653 3164 terte
675 3105 778 3180 postea
799 3102 915 3178 aliquos
937 3102 1075 3162 humores
1098 3105 1128 3160 in

116 3211 147 3252 aa
169 3192 301 3267 senserit,
324 3193 398 3252 tnnc
419 3191 557 3269 pustulas
578 3192 780 3269 inturgescere
802 3191 893 3252 fwiat
913 3195 945 3251 et
966 3191 998 3250 in
1020 3189 1129 3251 eisdem

113 3281 196 3358 locis,
219 3281 251 3340 in
274 3281 383 3358 quibus
405 3289 543 3342 cocturae
565 3280 661 3341 solent
681 3281 714 3340 in
735 3280 854 3342 homine
874 3280 947 3342 fieri.

181 3371 228 3430 De
248 3371 341 3434 acab.
386 3369 542 3432 Sdandum
576 3374 634 3443 est,
669 3369 750 3446 quod
782 3370 814 3429 in
847 3367 997 3445 cephalica
1030 3369 1130 3445 plnres
1143 3379 1170 3423 ss

105 3461 255 3520 'humores
277 3459 450 3520 habundant
472 3475 562 3536 qnam
584 3460 615 3518 in
638 3458 773 3518 mediana
788 3461 841 3518 ant
856 3477 946 3535 quam
959 3458 991 3518 in
1007 3458 1130 3534 epatica,

117 3549 188 3627 qnia
204 3549 292 3609 etism
308 3547 476 3625 cephalicae
490 3549 592 3626 plures
606 3567 697 3610 venae
712 3546 877 3623 adbaerent,
901 3563 977 3635 quaa
990 3545 1130 3606 humores
