2662 3932
380 160 522 218 CAUSAE
540 160 587 216 ΕΤ
605 159 726 216 ΟΠΒΑΕ
746 160 812 217 LlB.
832 161 866 215 Π.
1087 166 1126 225 81

94 349 247 420 meretur,
271 345 413 422 quoniam
435 345 460 403 si
480 349 552 405 tuno
567 345 770 420 seminaretur,
793 346 938 422 paulatim
953 348 1129 421 erumperet,

98 453 214 512 usque
238 434 310 494 dum
332 433 405 493 bene
428 433 629 493 confortatum
650 438 831 510 exsurgeret.
1117 421 1128 432 ⁴

183 525 263 584 Item
294 523 330 582 de
360 523 446 582 Adae
476 539 588 596 sopore.
637 521 695 582 Sed
726 527 886 600 autequam
917 522 1014 582 Adam
1044 541 1130 599 praa·

102 616 239 690 ceptum
269 611 317 672 dei
343 613 564 688 praevarisatus
592 612 710 688 diisset,
741 612 890 672 immissus
916 616 962 672 ost
988 613 1015 671 si
1042 629 1131 688 sopor

104 707 144 763 et
169 701 256 762 eibus
284 704 330 761 est
356 701 382 760 ei
411 705 557 772 ostensus3
589 703 748 777 postquam
780 703 880 760 autem
911 701 1159 778 praevariostuso

106 796 174 862 est,
204 809 272 850 earo
298 791 363 850 eius
385 793 499 850 tantem
522 789 705 850 debilitatem
729 794 760 850 et
782 791 974 867 fragilitatem
996 790 1132 865 incurrit,

108 883 147 940 iu
173 881 285 956 quanta
306 878 501 939 instabilitate
523 897 590 938 earo
613 878 727 939 mortui
749 883 795 939 est
816 880 853 938 ad
874 898 991 940 earnem
1007 879 1133 940 viventis

108 969 254 1032 hominis.
299 967 357 1027 Sed
385 986 491 1045 sopore
517 972 621 1044 postea
647 969 849 1044 reoreabatur,
881 968 959 1028 siout
989 967 1054 1028 oibo
1086 986 1131 1026 re·

111 1057 319 1120 fooillabatur.
353 1057 393 1116 Et
414 1057 456 1118 sie
479 1058 569 1118 etiam
590 1057 622 1116 in
645 1058 781 1118 omnibus
797 1057 967 1118 hominibus
981 1058 1024 1118 fit.
1058 1053 1132 1115 Nam

112 1152 154 1208 ut
178 1165 244 1207 earo
266 1147 397 1206 hominis
418 1146 483 1206 oibo
507 1146 623 1222 erescit,
649 1147 693 1207 ite
719 1150 751 1207 et
777 1147 909 1206 medulla
932 1147 995 1206 eius
1018 1156 1175 1223 soporato

186 1236 232 1295 De
260 1252 372 1296 somno.
418 1235 492 1296 (lum
521 1236 599 1295 enim
625 1237 714 1295 homo
745 1236 869 1309 dormit,
899 1240 972 1296 tuno
1003 1235 1134 1295 medulla

114 1326 183 1386 eius
213 1328 365 1384 recreatur
392 1329 422 1384 et
449 1325 565 1400 oresoit,
597 1329 628 1385 et
654 1343 722 1385 oum
752 1325 872 1402 vigilat,
904 1328 977 1385 tuno
1003 1324 1134 1384 medulla

115 1415 184 1474 eins
207 1414 428 1490 aliquantulum
444 1416 618 1474 attenuatur
632 1421 663 1474 et
678 1413 860 1487 debilitatur,
884 1415 1133 1492 quemadmodum

116 1505 192 1563 luna
225 1503 257 1562 in
289 1506 448 1580 augmento
480 1521 534 1563 suo
563 1503 668 1563 erescit
694 1506 725 1562 et
751 1503 782 1562 in
809 1503 987 1564 detrimento
1009 1522 1064 1563 suo
1087 1504 1133 1563 de·

117 1592 227 1653 eresoit
254 1595 285 1651 et
311 1592 391 1652 siout
411 1591 523 1652 radices
546 1591 705 1652 herbarum
726 1591 758 1651 iu
780 1592 876 1652 hieme
897 1593 1081 1653 viriditatem
1103 1594 1174 1652 in15

120 1701 153 1742 se
175 1679 293 1754 habent,
317 1700 407 1757 quam
428 1682 459 1740 in
483 1684 591 1741 aestate
612 1682 644 1740 in
665 1682 753 1741 flores
774 1681 924 1744 emittunt.
958 1681 1043 1742 Unde
1065 1700 1133 1742 oum

122 1769 254 1830 medulla
287 1769 415 1830 hominis
447 1774 501 1830 aut
530 1771 681 1830 laboribus
713 1770 839 1847 fatigata
869 1775 915 1830 est
944 1775 997 1830 aut
1023 1771 1134 1848 vigiliis

124 1861 291 1935 attenuata,
322 1862 395 1919 tuno
416 1858 504 1919 homo
527 1877 633 1936 sopore
656 1859 835 1936 deprimitur
856 1863 886 1918 et
908 1861 969 1920 sire
991 1862 1050 1920 stet
1072 1861 1133 1920 sive

123 1948 225 2010 sedeat
246 1948 308 2008 sive
330 1949 424 2008 iaceat
445 1948 531 2008 faoile
554 1948 712 2024 obdormit,
737 1949 807 2026 quia
829 1949 927 2008 anima
942 1949 1006 2009 eius
1021 1950 1052 2008 in
1067 1950 1133 2026 ipso

124 2036 324 2098 neaemitatem
359 2038 491 2114 eorporis
524 2038 570 2098 sui
606 2039 704 2100 sentit.
748 2035 824 2096 Nem
857 2037 988 2098 medulla
1021 2039 1133 2116 vigiliis
1147 2049 1174 2095 so

124 2129 276 2186 attenuata
306 2130 337 2186 et
365 2126 519 2187 debilitate
540 2145 609 2186 mox
636 2128 714 2187 vires
736 2127 849 2186 animae
872 2128 1081 2187 suavissimum
1104 2131 1134 2188 et

125 2214 327 2275 dulcissimum
348 2220 471 2277 ventum
494 2234 529 2274 ex
543 2216 675 2275 medulla
689 2216 867 2292 produount,
890 2217 943 2293 qui
958 2236 1045 2277 venas
1064 2217 1134 2277 oolli

123 2307 154 2364 et
182 2309 277 2364 totam
308 2305 451 2365 eervioem
481 2305 608 2365 hominis
639 2306 753 2382 perflat
786 2309 818 2365 et
847 2305 900 2382 qui
933 2307 971 2365 ad
997 2309 1134 2383 tempora

124 2394 231 2454 emur
252 2398 281 2453 et
303 2413 391 2454 venas
413 2395 519 2471 ospitis
541 2398 675 2470 oooupat‚
698 2398 729 2454 et
748 2395 801 2472 qui
816 2395 860 2454 ita
875 2395 997 2456 vitalem
1013 2396 1133 2456 flantem

123 2484 226 2542 flatum
248 2482 375 2542 hominis
398 2483 550 2560 deprimit,
580 2484 621 2543 sio
649 2484 730 2560 quod
757 2483 846 2543 homo
868 2484 920 2542 ille
941 2487 1015 2544 tuno
1037 2487 1082 2544 eat
1103 2491 1173 2545 etse

126 2573 199 2632 iaoet
220 2573 304 2632 velut
325 2572 502 2632 insensibilis
525 2577 556 2632 et
578 2574 693 2633 nescius
716 2576 746 2632 et
767 2574 915 2649 impotens
937 2574 984 2634 sui
1000 2574 1132 2649 eorporis

124 2679 176 2720 neo
205 2661 390 2721 intellectum
419 2680 471 2721 neo
502 2662 696 2739 cogitationes
728 2680 781 2721 nee
808 2662 1029 2722 sensibilitatem
1061 2667 1133 2722 tuno

129 2750 251 2810 seienter
273 2750 381 2811 habens
403 2754 525 2826 excepto
548 2751 629 2827 quod
651 2751 748 2809 anima
762 2750 884 2811 vitalem
898 2752 1004 2812 flatum
1018 2751 1134 2813 induoit

124 2844 154 2899 et
175 2839 296 2910 emittit,
328 2840 406 2899 simu
428 2844 459 2900 et
480 2839 619 2916 vigilanti
640 2839 752 2899 homini
780 2840 864 2918 feeit,
897 2845 927 2900 et
957 2842 1038 2918 quod
1065 2860 1132 2902 eum

124 2932 184 2988 tam
206 2927 400 2988 dormientem
424 2947 515 3006 quam
537 2929 710 3007 vigilantem
726 2930 865 3006 eontinet,
887 2933 918 2990 et
941 2928 1023 3007 quod
1044 2932 1076 2989 in
1098 2950 1133 2990 eo
1146 2941 1173 2987 ³0

125 3022 168 3078 est
189 3017 260 3077 dum
283 3018 401 3094 dormit,
425 3019 503 3078 siout
525 3021 555 3077 et
577 3019 608 3078 iu
631 3037 665 3078 eo
686 3021 779 3093 <est>
801 3018 872 3078 dum
892 3020 1006 3096 vigilat.
1037 3020 1077 3080 ut
1091 3021 1134 3080 sio

124 3107 209 3166 homo
222 3107 379 3182 obdormit,
390 3111 427 3167 ut
437 3107 623 3184 praedictum
635 3110 687 3170 est
711 3107 794 3168 'ltine
805 3109 902 3168 anima
913 3109 1040 3168 hominis
1052 3110 1133 3169 illius

125 3196 235 3256 viribus
262 3196 325 3255 suis
352 3197 389 3255 ed
416 3215 446 3256 se
474 3196 604 3257 oolleotis
631 3197 792 3256 medullam
820 3199 884 3258 eius
911 3215 1039 3259 oresoere
1061 3199 1133 3258 feeit

125 3289 155 3345 et
173 3285 321 3345 confortat
344 3304 377 3345 ao
399 3304 453 3362 per
475 3304 539 3344 eam
559 3304 624 3346 ossa
638 3286 739 3346 firmat
753 3289 783 3346 et
797 3288 970 3364 sanguinem
985 3289 1132 3365 eoagulat,

125 3393 237 3434 earnem
271 3375 360 3435 etiam
394 3374 499 3451 eoquit
531 3379 562 3434 et
595 3375 713 3452 singula
747 3375 879 3435 membra
916 3377 1069 3453 componit
1102 3381 1132 3436 et
1145 3387 1172 3433 35

127 3463 297 3540 sapientiam
324 3467 355 3523 et
381 3463 531 3523 seientiam
558 3465 590 3523 iu
611 3465 714 3524 eodem
735 3463 853 3526 homine
876 3464 983 3525 dilatat
1004 3467 1132 3525 laetante

125 3552 185 3614 rita
211 3553 283 3616 eius.
328 3551 377 3612 Sio
403 3572 475 3630 ergo
502 3552 621 3612 homine
648 3554 811 3614 dormiente
837 3554 979 3614 maiorem
1006 3556 1131 3615 calorem

175 3661 333 3718 Hildegardis
346 3673 434 3708 oauaae
447 3663 472 3707 et
486 3673 559 3708 ouras
572 3663 608 3708 ed.
624 3661 739 3708 Kaisar.
990 3655 1006 3708 6
