2668 3924
195 165 257 226 216
578 159 825 216 HlLDilGARDIS

194 347 225 403 in
247 346 330 405 suavi
353 348 383 404 et
404 345 481 404 bono
504 344 572 404 vino
596 363 644 402 eas
667 346 777 420 coquat
799 363 832 403 ac
852 345 893 403 sic
908 363 962 420 per
976 362 1109 419 pannum
1126 345 1211 404 colat

194 437 283 510 atque
306 435 337 492 in
359 434 424 510 ipsa
446 434 607 492 accessione
630 433 760 492 eiusdem
782 433 871 492 febris
898 433 1002 492 vinum
1029 432 1086 492 hoc
1113 432 1210 505 bibat,

194 522 297 582 herbas
320 527 419 582 autem
441 523 514 582 istas
536 523 579 580 ita
600 523 632 580 in
654 523 722 581 vino
744 541 798 597 per
821 522 954 581 turinum
972 522 1112 597 dimittat,
1135 541 1212 598 qua·

194 613 275 671 tinus
297 612 375 671 idem
396 612 500 671 vinum
522 612 559 670 ab
583 612 624 670 eis
646 613 730 670 tanto
753 611 859 670 melius
880 614 1072 688 temperetur,
1104 614 1133 670 et
1169 613 1214 670 sic

167 715 247 776 sper
268 701 404 760 triduum
425 701 517 776 bibat,
541 703 571 759 et
594 701 619 760 si
640 718 753 760 necesse
773 700 877 776 brevit,
902 719 950 760 eas
972 700 1083 759 iterum
1106 700 1214 759 simili-

194 790 250 848 bus
272 791 355 849 novis
377 789 477 849 herbis
500 792 628 850 renovet.
673 788 751 850 Nam
778 791 859 848 calor
886 789 1034 848 millefolii
1068 792 1098 848 et
1129 789 1216 848 calor

195 879 340 956 polipodii
363 897 431 939 cum
454 880 579 938 alterato
596 879 692 938 calore
712 879 774 939 vini
788 879 947 954 temperati
963 882 1001 953 et,
1024 881 1100 951 (ut)
1125 897 1213 954 prae·

195 970 291 1027 fatum
314 971 366 1044 est,
388 969 420 1026 in
442 972 515 1044 potu
538 969 651 1042 sumpti
672 967 784 1026 febrem
805 968 895 1026 istam
916 967 1065 1044 mitigant.

261 1058 338 1118 Item
370 1058 410 1116 cd
439 1059 608 1118 tertwncm.
655 1049 680 1138 1)
691 1055 749 1126 Qui
776 1058 932 1116 tertianam
954 1056 1068 1114 febrem
1082 1055 1211 1132 patitur,

155 1159 182 1204 10
194 1139 258 1208 bin
288 1147 413 1222 accipiat
443 1149 474 1204 et
507 1145 652 1204 minorem
684 1146 896 1218 buflctbdccho
930 1145 1048 1222 aequali
1081 1144 1216 1220 pondere

194 1231 288 1297 hisces
310 1238 340 1294 et
354 1239 400 1294 ter
415 1238 533 1294 tantm
549 1235 584 1293 de
600 1234 708 1312 rafano¹
726 1237 763 1294 ut
777 1235 903 1294 istorum
918 1234 1045 1293 duorum
1061 1238 1113 1307 est,
1130 1236 1161 1292 et
1180 1236 1214 1293 in

195 1327 264 1386 vino
287 1327 395 1400 coquat
417 1342 450 1382 ac
472 1342 526 1398 per
548 1343 680 1400 pannum
702 1325 789 1396 eolet3
814 1329 903 1400 atque
924 1323 1050 1400 gariofel
1066 1325 1166 1382 sumat
1183 1327 1216 1382 et

195 1415 240 1475 bis
262 1417 379 1472 tantum
402 1413 544 1490 galangae
564 1416 594 1472 et
608 1413 744 1472 zinziberi
758 1413 877 1472 tertiam
894 1416 1017 1489 partem,
1032 1415 1069 1472 ut
1082 1413 1214 1471 istorum

196 1504 323 1562 duorum
347 1506 399 1576 est,
422 1506 452 1560 et
473 1502 545 1562 haec
566 1502 598 1560 in
613 1503 766 1578 pulverem
782 1502 899 1579 redigat
921 1504 1010 1577 atque
1031 1521 1067 1560 ex
1081 1501 1125 1560 his
1141 1520 1215 1560 cum

156 1605 182 1648 15
195 1592 343 1668 praedicto
367 1591 444 1663 vino,
473 1592 554 1668 qnod
575 1611 629 1667 per
650 1611 782 1667 pannum
813 1591 928 1662 colavit,
960 1609 1073 1666 purum
1104 1592 1215 1666 potum

195 1683 284 1741 faciat
306 1684 336 1740 et
357 1680 410 1739 illc
432 1681 464 1738 in
486 1680 550 1755 ipsa
572 1681 734 1740 accessione
759 1683 849 1756 atque
880 1679 1070 1756 sequentibus
1102 1697 1214 1739 novem

196 1772 299 1830 diebus
327 1772 446 1840 utatur,
481 1773 517 1828 ut
552 1770 669 1846 plenius
710 1769 878 1831 adiuvetur.
933 1769 1007 1828 Nam
1038 1769 1117 1827 calor
1146 1763 1215 1828 briss

196 1864 226 1920 et
256 1859 353 1936 frigus
384 1859 506 1918 minoris
539 1859 778 1930 butlctbedecbcc
813 1878 881 1918 cum
920 1858 1018 1918 calore
1054 1857 1150 1917 rafani
1182 1861 1215 1918 et

196 1949 291 2009 calore
324 1947 449 2026 garlofel
480 1951 511 2006 et
542 1947 639 2007 calore
668 1948 811 2025 galangae
843 1952 873 2006 et
905 1967 974 2008 cum
1006 1947 1082 2008 bono
1114 1946 1214 2007 calore

155 2049 183 2094 zo
197 2037 334 2096 zinziberi
364 2039 528 2112 temperata
559 2041 589 2095 et
615 2037 647 2094 in
670 2040 745 2113 potu
768 2039 888 2112 sumpta
910 2037 1076 2112 praefatam
1098 2036 1216 2095 febrem

197 2127 312 2204 fugant.

262 2214 315 2274 An
347 2219 523 2294 quonaone.
570 2207 595 2292 2)
605 2213 636 2272 Si
664 2214 732 2290 quis
765 2215 861 2274 febres
897 2216 1056 2290 quartanas
1088 2213 1217 2289 patitur,

197 2305 314 2364 rubiam
345 2305 375 2362 et
396 2301 517 2362 herbam
549 2303 688 2379 veprium
719 2305 835 2380 aequali
865 2303 995 2380 pondere
1027 2302 1153 2379 accipiat
1184 2307 1218 2362 et

198 2392 407 2466 (brachwurz)
432 2395 479 2450 ter
498 2394 624 2468 tantum,
645 2395 681 2451 ut
699 2393 825 2452 istorum
847 2395 975 2452 duorum
992 2395 1044 2464 est
1068 2396 1158 2467 atque
1183 2393 1218 2450 in

157 2484 264 2542 zsvirm
289 2487 405 2558 coquat.
450 2481 562 2540 Deinde
585 2482 698 2541 clarum
721 2485 751 2541 et
783 2482 931 2559 optimum
962 2483 1066 2542 vinum
1097 2481 1127 2538 in
1158 2500 1216 2556 pa·

196 2573 300 2631 tellam
323 2571 430 2630 fundat
452 2573 482 2630 et
503 2571 574 2631 huic
595 2571 726 2648 ignitum
749 2571 872 2631 calibem
900 2571 943 2630 ita
971 2571 1131 2631 ferventem
1154 2568 1215 2628 im·

198 2663 306 2732 mittet,
328 2679 362 2720 ac
384 2661 512 2720 secunda
534 2660 598 2719 vice
621 2660 715 2719 eidem
730 2660 800 2721 vino
815 2661 847 2719 in
862 2661 964 2720 eadem
978 2661 1089 2736 patella
1102 2658 1217 2718 iterum

197 2750 322 2809 eundem
344 2750 473 2827 ignitum
488 2749 612 2809 calibem
626 2750 778 2825 immittat,
801 2755 831 2809 et
845 2750 901 2810 hoc
917 2750 1011 2809 decies
1026 2768 1093 2809 cum
1109 2746 1217 2808 eodem

198 2840 266 2898 vino
298 2841 328 2898 et
360 2839 461 2897 eodem
492 2840 586 2899 calibe
608 2839 704 2899 faciat
750 2839 857 2898 Postea
880 2841 979 2898 sumat
1001 2839 1104 2898 vinum
1126 2837 1215 2906 illud,

158 2937 185 2982 so
199 2927 280 3004 quod
304 2947 372 2986 cum
391 2927 550 3003 praedictis
571 2927 671 2986 herbis
694 2928 785 3004 coxit,
814 2931 845 2988 et
865 2929 934 2988 vino
957 2929 1027 2988 huic
1050 2929 1141 3002 cocto,
1164 2928 1218 2986 cui

199 3016 322 3076 calibem
344 3016 474 3091 immisit,
497 3017 637 3075 infundat
660 3020 749 3094 atque
772 3018 815 3076 ita
837 3018 927 3076 simul
942 3037 1002 3076 nna
1016 3020 1135 3076 tantum
1148 3015 1217 3076 vice

198 3106 311 3165 fervere
329 3105 426 3180 faciat,
444 3108 474 3165 et
489 3105 531 3166 sic
546 3106 577 3164 in
593 3107 657 3181 ipsa
672 3107 834 3166 accessione
849 3107 1016 3183 praedictae
1032 3105 1121 3165 febris
1136 3105 1218 3164 illud

201 3194 285 3254 bibat
308 3196 338 3253 et
352 3194 402 3269 ita
424 3195 496 3252 dum
512 3198 638 3255 sanetur.
685 3195 760 3254 (tum
784 3197 861 3254 euim
884 3196 1033 3274 frigiditas
1056 3195 1159 3254 rubiae
1183 3199 1217 3254 et

199 3285 278 3343 calor
292 3283 399 3342 herbae
415 3283 551 3360 veprium
566 3288 597 3344 et
612 3285 692 3344 calor
708 3286 879 3345 brachwurz
894 3305 962 3346 cum
978 3287 1102 3345 alterato
1115 3284 1217 3343 calore

202 3491 443 3618 nfflnssng-rv
462 3513 495 3542 =
514 3495 609 3566 ungue
634 3493 702 3549 1203
721 3494 751 3548 c.
779 3525 813 3534 -
844 3493 866 3564 2)
891 3513 918 3548 v.
937 3495 1043 3550 az-aa
1062 3515 1096 3543 =
1114 3495 1215 3566 urguo
