2662 3932
416 133 558 189 CAUSAE
577 133 624 188 ET
642 131 764 189 OURAE
782 135 850 193 LIB.
867 136 901 192 11.
1101 141 1164 199 155

138 319 170 378 ai
201 321 273 378 tune
307 317 422 377 diutius
454 319 681 394 exspectaverit,
714 319 791 378 eutis
812 319 845 378 in
867 319 1009 378 maiorem
1032 318 1164 379 dolorem
1230 312 1232 318 ’

136 409 284 467 ulcerum
308 410 339 466 et
360 407 531 484 putredinis
553 409 697 470 vertatur.
760 409 768 426 ⁸

215 497 262 556 De
284 496 425 556 icteritia.
472 495 575 567 Pestis,
600 515 675 573 quae
699 496 809 556 dieitur
831 497 976 572 ictericis,
1005 497 1041 556 de
1068 515 1167 573 super·

138 586 265 644 fluitate
289 585 367 644 fellis
389 585 534 656 nascitur,
565 584 645 660 quod
668 585 705 644 de
727 585 852 644 infirmis
875 585 1051 646 humoribus
1078 589 1109 645 et
1131 587 1167 644 de

140 674 283 734 febribus
314 693 348 733 aa
382 674 418 733 de
451 693 559 751 magna
591 677 621 732 et
652 674 802 749 frequenti
830 675 876 732 ira
909 675 951 734 fel
978 675 1082 734 effluit.
1127 675 1195 733 ΕΜ

141 764 322 824 effusionem
353 763 429 822 hane
455 763 532 822 fellis
563 763 648 822 ieeur
676 767 707 822 et
734 767 831 822 cetera
863 763 976 824 viscera
1007 764 1167 838 excipiunt,

141 858 179 912 et
212 853 278 929 ipsa
308 851 399 911 etiam
440 852 544 911 effusio
578 854 675 910 totam
708 871 825 912 earnem
858 853 988 913 hominis
1024 853 1068 911 ite
1100 871 1167 928 per·

140 943 265 1013 transit,
286 942 378 1001 'velut
410 946 532 1001 acutum
562 945 679 1000 acetum
711 961 821 1002 novum
848 961 900 1001 vas
927 941 1111 1002 transfundit
1137 946 1168 1001 et

141 1031 298 1091 homiuem
326 1031 428 1092 laedit.
473 1031 518 1089 Ae
551 1030 593 1089 eie
622 1050 677 1106 per
704 1031 886 1090 eontrarium
918 1031 1047 1090 colorem
1078 1048 1168 1089 suum

142 1121 178 1179 in
205 1119 324 1179 homine
347 1119 545 1196 cognoscitur.
1179 1127 1207 1172 10

215 1210 261 1269 Da
290 1211 428 1268 manilio
455 1213 482 1268 at
508 1209 630 1268 animae
651 1209 755 1271 taedio.
800 1207 885 1268 Siout
908 1227 1016 1285 eorpus
1038 1208 1166 1267 hominis

147 1300 261 1373 absque
289 1317 377 1375 opere
409 1316 467 1357 non
499 1302 545 1357 est
570 1315 624 1357 neo
651 1298 778 1372 omittit,
811 1299 884 1374 quin
906 1317 1022 1374 semper
1044 1298 1167 1374 aliquod

146 1391 303 1464 operetur,
338 1389 380 1446 sio
402 1387 491 1446 etiam
514 1387 613 1444 anima
634 1386 666 1445 in
688 1386 807 1446 homine
835 1407 869 1446 ex
896 1391 1004 1446 natura
1030 1406 1084 1446 sua
1110 1386 1166 1446 hoo

148 1477 282 1536 officium
304 1477 403 1551 habet,
436 1476 517 1552 quod
540 1475 655 1535 diverso
678 1494 768 1552 opera
790 1477 921 1554 eorporis
942 1477 1040 1536 toedio
1064 1477 1167 1536 affecta

148 1584 180 1626 se
202 1565 354 1625 interdum
376 1586 393 1623 a
416 1583 506 1647 eursu
532 1583 587 1624 suo
610 1565 761 1640 subducit,
792 1567 878 1642 quasi
900 1566 1054 1638 dormitet;
1083 1567 1168 1626 velut
1181 1573 1208 1619 15

148 1655 351 1714 molendinum
379 1655 476 1713 multa
502 1653 695 1713 inundatione
722 1655 825 1732 aliqua
850 1659 936 1731 parte
963 1655 1011 1714 sui
1037 1656 1167 1714 fractum

149 1743 311 1821 aliquando
343 1763 360 1801 a
393 1744 494 1803 labore
526 1744 652 1805 sistitur.
708 1744 748 1802 nt
781 1745 823 1803 sie
857 1743 956 1801 anima
985 1744 1105 1802 interim
1134 1744 1166 1802 in

150 1834 252 1910 quiete
275 1833 386 1892 silentii
414 1835 471 1907 est,
503 1851 598 1908 usque
625 1833 697 1891 dum
727 1851 834 1909 corpus
861 1833 963 1908 aliqua
989 1833 1167 1893 verecundia

148 1923 195 1982 vel
218 1921 368 1999 aliquibus
390 1921 554 1981 terroribus
577 1924 731 1981 ooeroetur
746 1924 777 1980 et
797 1921 987 1998 opprimitur.
1033 1921 1073 1980 Et
1094 1925 1166 1980 tune

149 2012 260 2072 iterum
282 2013 326 2070 ila
348 2010 426 2070 vires
449 2028 517 2070 suas
540 2013 571 2068 et
593 2029 713 2069 aursum
735 2030 823 2070 suum
846 2010 954 2087 reeipit
975 2013 1005 2070 et
1025 2010 1164 2087 resurgit.
1178 2017 1207 2063 20

148 2099 188 2159 nt
210 2104 283 2159 tuno
305 2100 418 2159 homini
440 2100 486 2159 illi
509 2102 567 2174 est,
603 2101 688 2175 quasi
715 2119 811 2160 novus
838 2100 878 2159 sit
904 2103 934 2158 et
961 2099 1047 2176 quasi
1074 2118 1165 2160 novos

146 2208 242 2249 morea
264 2189 378 2248 habeat.

213 2279 259 2338 De
281 2281 339 2337 ira.
384 2275 460 2336 Nam
483 2278 577 2354 aliqui
600 2278 734 2337 homines
761 2298 796 2337 ax
824 2281 932 2337 natura
954 2297 1008 2337 sua
1030 2278 1165 2338 iracundi

146 2370 224 2430 sunt.
276 2367 317 2426 ut
354 2385 422 2426 oum
463 2368 561 2426 anima
596 2367 726 2427 istorum
763 2369 794 2426 in
824 2368 895 2444 ipsis
929 2368 1027 2426 taedio
1062 2368 1165 2426 affecta

146 2457 266 2516 interim
289 2455 321 2514 iu
344 2456 445 2532 quiete
468 2456 578 2514 silentii
602 2460 658 2532 eat,
686 2459 758 2516 tune
780 2457 841 2516 illis
868 2476 902 2515 ex
929 2457 975 2515 ira
997 2475 1050 2515 sua
1071 2456 1162 2515 inter-
1177 2462 1206 2510 25

147 2547 220 2606 dum
244 2545 351 2622 aliquis
368 2545 501 2605 defectus
517 2545 632 2620 assidit,
655 2544 734 2604 unde
749 2565 856 2622 eorpus
871 2546 1005 2621 ipsorum
1025 2545 1164 2621 opprimi-

145 2638 211 2708 tur;
240 2638 270 2694 et
296 2636 339 2693 ita
361 2635 459 2692 anima
480 2635 557 2694 vires
587 2651 655 2694 suas
681 2635 787 2710 reeipit
814 2637 845 2694 et
870 2634 1010 2711 resurgit.
1054 2633 1164 2693 Sedet

147 2724 238 2783 etiam
274 2742 342 2782 aum
375 2725 406 2783 in
440 2723 510 2785 ¹aliis
549 2723 718 2784 hominibus
753 2725 866 2782 animae
904 2723 1002 2783 taedio
1041 2723 1163 2783 affectae

146 2813 267 2872 interim
289 2813 320 2872 in
337 2813 437 2889 quiete
460 2813 570 2872 silentii
593 2816 671 2887 sunt,
694 2831 780 2889 saepe
803 2813 958 2890 contingit,
981 2817 1017 2872 ut
1040 2831 1164 2888 corpora

146 2901 301 2961 hominum
323 2902 445 2962 illorum
476 2902 577 2978 aliqua
606 2902 741 2961 molestia
771 2903 993 2979 opprimentur,
1020 2901 1100 2961 unde
1132 2905 1162 2961 et
1175 2905 1204 2952 3⁰

147 2991 229 3067 ipsae
259 2991 373 3050 animae
404 2992 545 3050 excitatae
576 2991 689 3066 priores
722 2992 801 3050 vires
828 2992 974 3068 recipient
1005 2995 1036 3051 et
1066 2991 1104 3049 ad
1131 3010 1162 3050 se

146 3080 275 3143 redeant.
312 3079 389 3140 Sunt
421 3084 452 3139 et
482 3081 534 3139 alii
563 3079 709 3155 homines,
740 3081 772 3138 in
800 3079 921 3156 quibus,
953 3099 1021 3140 eum
1048 3085 1161 3138 animae

147 3188 250 3229 eorum
284 3169 316 3227 in
347 3169 419 3246 ipsis
449 3189 520 3246 praa
551 3169 652 3228 labore
683 3172 714 3229 et
745 3169 843 3229 taedio
875 3187 1030 3246 oppressae
1062 3169 1159 3244 silent,

148 3258 249 3334 aliqua
282 3259 468 3334 impatientia
496 3260 545 3318 vel
572 3258 758 3318 dubitatione
786 3277 912 3334 corpora
939 3259 1073 3334 ipsorum
1095 3277 1161 3317 oon·

148 3347 347 3425 stringuntur,
359 3354 389 3406 et
403 3348 445 3407 sio
460 3348 582 3422 animae,
599 3366 676 3424 quae
690 3348 722 3406 in
731 3347 803 3424 ipsis
814 3348 875 3405 iarn
890 3347 1099 3420 dormitabant,
1112 3366 1158 3405 ex·
1171 3350 1199 3396 8⁵

146 3436 251 3496 etatae
268 3436 304 3495 ad
321 3437 462 3514 pristinas
482 3438 560 3496 viras
581 3439 750 3514 resurgunt.
793 3435 871 3495 Sunt
895 3455 1014 3513 quoque
1038 3435 1161 3512 quidam

146 3524 286 3598 homines,
306 3525 359 3602 qui
374 3545 409 3584 ex
424 3526 625 3601 complexione
639 3543 693 3584 sua
707 3525 825 3601 saepius
844 3525 875 3583 in
894 3525 941 3582 ira
961 3524 1160 3584 exardescunt.
