2680 3938
421 178 564 238 CAUSAE
582 177 630 235 ΕΤ
649 179 772 237 CURAE
790 180 858 236 LIB.
878 181 899 238 I.
1134 186 1174 246 25

156 347 308 427 oooidente
331 367 406 426 mari
422 385 557 443 quaeque
574 366 693 427 sordida
713 370 743 426 et
758 367 880 442 putrida
895 365 953 426 sibi
969 365 1125 428 attrahunt
1146 369 1177 425 et

157 457 234 516 illue
265 468 399 532 quaeque
431 456 572 516 cadavera
598 457 788 516 mortuorum
810 457 917 520 fluunt.
963 456 1098 527 Quodsi
1121 474 1176 530 pro

157 547 262 622 aliqua
283 546 456 606 necessitate
480 549 510 606 et
532 546 655 620 penuria
683 545 808 604 aliarum
838 564 983 621 aquarum
1005 545 1095 606 vitari
1117 563 1177 604 non

157 637 294 712 possunt,
317 636 390 710 quin
412 635 444 694 in
466 638 542 711 potu
564 637 728 707 sumantur,
751 638 824 694 tuno
845 635 986 711 primitus
1002 636 1176 711 coquantur,

156 729 189 786 et
211 743 279 784 oum
302 724 407 783 deinde
429 724 620 802 infrigidatae
646 727 724 796 sunt,
747 724 896 785 bibantur.
942 723 998 784 Sed
1018 743 1079 783 non
1100 724 1205 782 salsas

156 813 281 874 flumina
312 817 342 872 et
371 813 503 874 viventes
536 833 570 873 ao
600 814 736 873 salientes
759 832 818 873 non
845 813 916 873 salsi
938 814 1042 886 fontes,
1070 813 1177 888 quiin

157 903 309 964 occidente
333 903 472 963 oriuntur
495 908 526 962 et
548 903 584 962 ab
608 903 756 963 ooeidente
778 904 892 976 fluunt,
926 903 980 962 ubi
1001 903 1047 961 sol
1070 901 1179 961 oecidit

155 996 189 1053 et
211 991 317 1067 defluit,
343 992 480 1052 candidas
504 994 534 1052 et
556 993 665 1068 spissas
684 992 793 1052 habent
815 1009 906 1068 aquas
928 1010 982 1051 neo
1005 991 1102 1050 calore
1123 1009 1177 1050 neo

155 1081 271 1159 frigore
293 1080 335 1139 ibi
359 1081 397 1140 ad
418 1081 585 1156 perfectum
600 1082 760 1156 ducuntur,
782 1082 922 1159 quoniam
939 1082 1020 1140 calor
1035 1081 1065 1139 et
1079 1079 1177 1156 frigus

156 1171 200 1232 ibi
228 1172 258 1230 in
286 1170 423 1246 utrisque
452 1169 601 1231 defeetum
628 1171 725 1235 habet.
771 1170 856 1230 Unde
879 1171 967 1230 etiam
991 1188 1084 1246 aquae
1107 1169 1176 1228 illae
1191 1182 1218 1227 10

157 1261 347 1336 aliquantum
377 1260 497 1320 inutiles
524 1263 595 1320 sunt
621 1260 667 1319 ad
698 1279 771 1322 usus
802 1260 966 1336 hominum,
995 1257 1109 1319 scilieet
1139 1258 1177 1317 ad

156 1354 276 1427 potum,
300 1349 337 1407 ad
361 1349 522 1409 lavandum
545 1352 576 1408 et
597 1349 635 1408 ad
657 1349 805 1425 balneum,
833 1350 944 1425 quiea
966 1349 1027 1408 sole
1049 1365 1109 1407 non
1132 1365 1177 1406 oo·

157 1443 307 1515 quantur.
353 1437 440 1508 Quod
455 1439 480 1498 si
502 1439 659 1498 necessitas
682 1439 840 1515 compellit,
863 1441 899 1498 ut
921 1456 1058 1515 quaeque
1080 1455 1175 1496 neees-

155 1529 235 1588 saria
265 1546 333 1587 eum
360 1527 401 1587 eis
428 1530 581 1604 parentur,
613 1531 684 1587 tuno
710 1528 829 1588 fortiter
860 1527 930 1605 igne
953 1529 1118 1603 coquantur
1149 1529 1178 1585 et

157 1617 264 1678 deinde
287 1616 474 1691 aliquantum
500 1616 670 1694 infrigidari
693 1617 907 1695 permittantur
931 1617 969 1675 ad
991 1616 1219 1693 temperiem315

157 1707 209 1766 sed
244 1710 344 1765 tamen
367 1707 405 1765 ad
428 1707 528 1766 eibum
555 1707 743 1782 aliquantum
770 1707 876 1783 valent,
910 1706 992 1786 quod
1020 1723 1088 1764 oum
1111 1704 1177 1764 oibo

158 1795 278 1856 fortiter
313 1799 502 1872 coquuntur„
539 1796 642 1871 Aquae
672 1800 791 1872 autem,
821 1813 898 1870 quae
925 1797 1018 1854 salsae
1049 1796 1119 1852 sunt
1147 1795 1178 1852 et

157 1887 190 1945 in
215 1883 339 1944 australi
362 1886 452 1962 plaga
474 1883 511 1944 de
533 1885 609 1944 mari
640 1885 787 1961 oriuntur,
818 1884 879 1944 sive
912 1884 1009 1942 fontes
1036 1883 1098 1943 sive
1123 1882 1177 1940 fiu-

158 1975 251 2032 mina·
271 1973 339 2049 siut,
376 1974 567 2054 aliquantum
600 1974 682 2032 albae
713 1991 767 2033 neo
793 1977 893 2032 tamen
920 1973 1051 2031 multum
1084 1989 1177 2046 purae

158 2068 230 2124 sunt
264 2067 294 2122 et
327 2081 381 2122 nee
412 2063 448 2122 ad
481 2062 580 2122 eibum
610 2081 663 2122 noo
693 2063 730 2121 ad
762 2065 868 2138 potum
894 2061 1003 2136 valent,
1035 2060 1178 2140 quoniam
1191 2070 1221 2116 ab

158 2169 321 2213 venenosae
344 2153 410 2212 sint.
456 2151 532 2211 Nam
555 2152 641 2227 parvi
669 2155 699 2212 et
728 2151 911 2212 venosissimi
942 2168 1056 2210 vermes
1088 2151 1177 2225 atque

159 2260 255 2319 parve
290 2241 446 2312 animalia,
487 2260 562 2318 quae
598 2241 784 2316 aliquantum
814 2258 960 2300 venenosa
986 2241 1071 2311 sunt,
1104 2238 1179 2297 illua
1304 2243 1306 2248 ’

158 2334 288 2408 propter
311 2331 403 2389 solem
427 2330 598 2407 defrigere
625 2330 749 2408 fugiunt
776 2334 806 2390 et
832 2333 957 2405 propter
984 2329 1114 2388 calorem
1136 2327 1179 2386 ibi

160 2420 289 2480 libenter
321 2418 458 2480 habitant
489 2423 520 2479 et
548 2419 591 2478 in·
607 2438 684 2496 aqua
714 2437 744 2478 se
775 2420 878 2478 lavant
910 2421 940 2478 et
966 2413 998 2478 in
1022 2436 1099 2493 aqua
1126 2417 1179 2475 illa

159 2511 264 2586 ieoent,
289 2508 368 2584 quod
391 2512 529 2568 naturam
551 2509 620 2568 salis
635 2508 745 2568 habent
767 2511 797 2567 et
819 2508 945 2567 calorem
969 2507 1033 2583 pati
1055 2507 1179 2582 possunt
1192 2517 1221 2563 25

160 2602 190 2658 et
212 2598 331 2658 nullum
356 2597 462 2675 frigus.
508 2597 565 2658 Sed
598 2617 691 2674 aquae
718 2597 876 2656 fluminum
904 2599 934 2656 et
956 2594 1120 2656 viventium
1149 2597 1179 2653 ot

159 2687 330 2748 salientium
365 2687 502 2759 fontium,
535 2688 588 2762 qui
618 2705 723 2762 sapore
753 2686 822 2746 selis
855 2688 985 2744 carentes
1013 2685 1045 2743 in
1076 2687 1177 2744 austro

162 2777 302 2836 oriuntur
333 2777 363 2835 et
396 2776 439 2835 ibi
469 2777 501 2834 in
528 2777 645 2837 fervore
673 2776 785 2848 ardent,
818 2775 843 2834 si
870 2773 1029 2851 separatim
1052 2773 1088 2832 ab
1112 2773 1178 2832 aliis

159 2866 245 2942 aquis
268 2865 433 2924 disiunctae
459 2866 594 2941 fluerent,
627 2864 749 2923 difficile
777 2865 933 2923 afervore
959 2863 1037 2940 ignis
1059 2863 1107 2922 sui
1129 2881 1176 2920 ex·

160 2956 382 3032 tinguerentur,
400 2955 540 3031 quoniam
556 2954 592 3013 ab
609 2953 854 3032 extinguibilibus
869 2952 989 3030 ignibus
1001 2955 1097 3012 tantae
1108 2953 1179 3011 sunt
1193 2961 1220 3007 so

161 3047 191 3104 et
211 3044 248 3103 ab
264 3045 306 3104 ais
323 3047 438 3106 exeunt.
468 3044 508 3103 nt
523 3042 561 3101 ed
576 3043 675 3102 eibum
690 3046 721 3102 et
735 3043 771 3101 ad
788 3043 860 3102 alias
875 3042 1017 3118 quasdam
1032 3041 1178 3100 utilitates

160 3133 204 3192 ita
226 3133 373 3194 ferventes
388 3135 528 3208 valerent,
546 3131 617 3208 quia
631 3133 700 3209 igno
716 3132 877 3208 exquisitae
893 3134 923 3190 et
943 3135 1077 3190 excoctae
1100 3132 1179 3192 sunt.

160 3221 218 3282 Sed
242 3226 403 3298 postquam
426 3221 464 3281 ad
486 3221 598 3298 frigida
619 3221 742 3280 flumina
768 3221 957 3297 pervenerint
984 3222 1015 3279 et
1043 3219 1085 3278 eis
1112 3237 1179 3278 oon·

159 3311 279 3371 innatae
295 3311 416 3387 fuerint,
440 3311 484 3370 ita
499 3310 581 3387 quod
596 3311 685 3370 simul
702 3311 809 3386 fluunt,
832 3313 905 3370 tuno
927 3309 1014 3368 faeile
1036 3308 1068 3366 in
1090 3307 1178 3366 undis

161 3401 327 3461 excitantur
361 3403 391 3460 et
420 3400 507 3459 laeile
537 3419 657 3476 spumas
688 3399 800 3459 eiciunt
832 3401 862 3458 et
889 3399 975 3474 quasi
1003 3401 1177 3474 argenteum
1190 3406 1218 3451 35

161 3491 288 3550 calorem
319 3487 437 3551 habent.
481 3488 582 3565 Atque
614 3489 651 3548 ad
683 3488 783 3548 eibum
815 3491 845 3548 et
875 3488 911 3546 ad
946 3489 1051 3563 potum
1079 3488 1110 3544 et
1138 3485 1175 3542 ad

161 3578 265 3639 balnea
292 3597 326 3638 ao
349 3579 386 3638 ad
409 3578 568 3639 lavandum
596 3577 685 3638 utiles
708 3579 786 3650 sunt,
815 3575 897 3652 quod
925 3574 961 3634 ab
983 3573 1175 3633 immunditia
