2680 3938
386 177 525 235 CAUSAE
544 178 590 234 ΕΤ
610 177 732 242 OURAE
750 177 817 232 LIB.
836 178 858 232 Ι.
1091 183 1131 244 27

108 365 224 426 mixto.
270 361 315 422 Ac
345 361 432 422 valde
463 361 566 438 frigidi
590 363 661 421 sunt
687 365 717 421 et
743 360 828 423 valde
852 361 941 421 utiles
963 365 1041 438 sunt,
1065 362 1137 437 quia

110 472 218 530 aquae
241 453 316 511 istae
339 470 397 511 non
414 453 483 510 suut
498 450 669 510 immundae
684 469 738 510 nec
753 451 883 512 foetidae
897 469 952 510 neo
966 469 1137 527 venenosae,

111 543 204 622 quod
240 542 357 601 diversa
390 539 564 600 vicissitudo
599 540 669 600 solis
703 540 816 599 saillis
850 558 909 599 non
943 540 1049 617 infigit.
1099 540 1140 599 nt

111 633 213 692 etiam
246 633 362 690 rectum
396 647 532 705 saporem
567 648 661 706 aquae
697 628 806 688 habent
840 633 869 689 et
904 629 1074 689 hominibus
1106 648 1140 688 ao

112 721 227 781 ceteris
250 719 426 778 animalibus
457 719 548 778 utiles
580 721 650 778 sunt
680 737 713 777 ac
745 718 838 778 bonae
866 721 937 778 sunt
963 718 1001 776 ad
1028 718 1138 795 cibum,
1165 729 1179 772 5

114 811 157 870 ad
181 813 296 887 potum,
320 807 357 867 ad
379 808 484 866 balnea
506 810 537 867 et
559 807 771 867 adlevandum
794 807 933 867 scobem
957 807 1047 867 utiles
1070 812 1139 867 sunt

114 899 156 958 ad
181 897 327 974 quasdam
342 895 509 958 medicinas.
535 896 593 956 Sed
609 916 704 972 aquae
720 897 811 956 salsae
827 898 888 955 tam
903 897 1034 955 fontium
1049 915 1137 973 quam

113 988 288 1058 fluminum,
316 1005 391 1062 quae
410 985 447 1045 ab
474 986 583 1062 angulo
605 985 828 1061 septentrionali
853 988 938 1062 parte
964 985 1138 1050 occidentali

117 1077 253 1152 veniunt,
263 1076 450 1151 aliquantum
462 1074 630 1151 subnigrae,
637 1074 669 1133 id
679 1078 723 1134 est
734 1076 892 1151 bruaoaro,
902 1079 932 1134 et
940 1093 999 1134 non
1010 1075 1138 1134 multum

115 1185 215 1244 purae
245 1168 315 1225 sunt
347 1166 378 1223 et
403 1182 456 1222 nec
483 1163 521 1222 ad
548 1164 647 1223 cibum
675 1182 728 1223 neo
751 1164 788 1222 ad
811 1167 917 1240 potum
944 1163 1033 1223 utiles
1059 1169 1180 1239 sunt,10

118 1257 193 1332 quia
214 1253 385 1314 mortiferae
408 1254 486 1316 sunt.
531 1250 606 1311 Nam
634 1253 665 1311 in
693 1253 917 1333 septentrionali
944 1253 1034 1330 plaga
1055 1253 1140 1311 iuxta

119 1344 304 1404 occidentem
334 1343 436 1419 magni
458 1343 488 1400 et
517 1342 654 1401 acerrimi
676 1353 789 1402 vermes
812 1343 916 1417 iacent,
946 1342 999 1418 qui
1022 1342 1058 1402 ab
1085 1342 1137 1401 ho·

117 1434 200 1493 mine
230 1451 283 1492 nec
309 1431 405 1491 videri
431 1448 485 1490 neo
511 1431 595 1508 tangi
622 1433 749 1508 possent,
782 1431 840 1490 uisi
862 1435 1055 1491 morerentur.
1101 1431 1141 1490 llt

118 1523 151 1581 hi
174 1522 208 1581 in
231 1539 262 1581 se
285 1520 321 1579 de
344 1521 429 1596 aquis
456 1520 521 1580 istis
549 1518 591 1578 ibi
613 1520 761 1598 colligimt
788 1523 818 1580 et
845 1521 954 1579 iterum
977 1521 1014 1580 de
1037 1539 1067 1580 se
1091 1540 1138 1580 ex-

118 1614 243 1688 spuunt,
266 1609 348 1686 quod
369 1612 473 1686 pastus
489 1627 594 1668 eorum
617 1612 669 1670 est.
714 1610 753 1669 Et
774 1609 841 1668 ideo
858 1629 951 1686 aquae
966 1610 1041 1669 istae
1063 1610 1138 1685 peri·
1152 1621 1180 1666 15

120 1702 240 1760 culosae
264 1702 343 1771 sunt,
375 1698 446 1774 quia
468 1698 511 1757 ibi
539 1700 568 1757 et
590 1699 717 1758 calorem
745 1700 775 1757 et
797 1699 895 1775 frigus
918 1698 1036 1761 habent.
1081 1697 1138 1758 Sed

119 1791 212 1850 etiam
233 1788 343 1848 ideirco
358 1805 472 1848 vermes
487 1789 538 1846 isti
560 1787 623 1846 illio
645 1786 789 1863 habitant,
812 1788 883 1863 quia
898 1787 1001 1864 frigidi
1016 1790 1086 1847 sunt
1108 1792 1140 1847 et

119 1879 218 1956 frigus
233 1878 299 1952 pati
314 1880 440 1954 possunt
454 1879 484 1936 et
498 1876 617 1936 nullum
633 1878 768 1939 calorem.
796 1875 876 1946 Quae
887 1895 958 1936 vero
970 1877 1063 1935 salsae
1078 1895 1138 1935 non

120 1970 191 2028 sunt
220 1973 250 2026 et
281 1965 318 2025 ab
353 1966 455 2026 eadem
484 1966 708 2041 septentrionali
735 1969 820 2042 parte
847 1965 932 2024 iuxta
959 1965 1138 2025 occidentem

120 2057 252 2131 veniunt,
275 2075 369 2131 purae
391 2058 463 2114 sunt
485 2058 516 2114 et
538 2055 655 2115 subalbi
679 2055 793 2131 caloris,
816 2054 848 2112 id
871 2058 916 2114 est
936 2056 1084 2129 prinam,
1109 2057 1139 2114 et
1152 2064 1179 2111 eo

121 2145 242 2206 inutiles
275 2148 345 2204 sunt
372 2148 435 2203 tam
458 2143 615 2220 pecoribus
639 2163 730 2220 quam
757 2143 937 2220 hominibus,
965 2143 1079 2202 scilicet
1100 2144 1138 2202 ad

123 2235 230 2307 cibum,
266 2234 303 2292 ad
337 2237 444 2310 potum
477 2235 508 2291 et
539 2233 576 2291 ad
611 2235 723 2293 ceteros
753 2251 826 2292 usus
853 2251 965 2310 eornm,
996 2233 1067 2307 quia
1089 2233 1139 2293 vix

123 2324 218 2402 digeri
240 2331 366 2399 possunt
388 2325 419 2382 et
441 2321 521 2397 quod
543 2321 675 2382 homines
698 2322 735 2382 ab
756 2323 797 2382 eis
820 2322 907 2382 facile
928 2323 1138 2397 intumescunt,

124 2414 193 2490 quia
215 2430 378 2474 venenosae
400 2416 470 2471 sunt
493 2412 523 2471 et
536 2412 651 2472 viscera
671 2411 798 2470 hominis
821 2411 971 2471 ulceribus
993 2411 1138 2474 incidunt.

123 2501 196 2562 Nam
226 2501 337 2561 infirmi
367 2500 501 2560 homines
536 2520 570 2560 ex
602 2501 643 2560 eis
675 2501 805 2560 multum
839 2500 1041 2575 debilitantur,
1075 2500 1138 2560 sani
1151 2510 1178 2555 25
1226 2502 1232 2510 ”

124 2594 221 2651 autem
245 2609 294 2650 eas
316 2591 367 2649 vix
390 2590 523 2668 digerere
545 2589 655 2651 valent.
698 2589 734 2648 In
749 2589 804 2649 hac
828 2594 928 2649 autem
950 2589 1052 2648 eadem
1075 2607 1137 2664 sep·

123 2680 294 2740 tentrionali
315 2680 407 2756 plaga
428 2685 535 2738 natura
559 2698 704 2754 aquarum
726 2678 870 2739 diversior
892 2681 923 2738 et
942 2678 1138 2753 multiplicior

125 2772 167 2830 est
188 2789 279 2846 quam
301 2771 409 2827 natura
424 2787 569 2845 aquarum
584 2769 616 2826 in
631 2768 768 2828 orientali
783 2768 881 2827 autin
897 2767 1021 2828 australi
1037 2771 1090 2827 aut
1107 2767 1137 2826 in

128 2858 300 2918 occidentali
314 2859 412 2934 plaga,
436 2858 576 2934 quoniam
591 2877 686 2935 aquae
708 2858 739 2915 in
762 2857 858 2935 plagis
874 2857 939 2917 istis
954 2857 1051 2916 calore
1067 2857 1136 2917 solis

125 2947 343 3024 perfunduntur
354 2949 384 3006 et
394 2948 606 3022 temperantur,
616 2947 696 3024 quod
705 2947 736 3006 in
744 2947 969 3022 septentrionali
980 2947 1069 3023 plaga
1079 2964 1138 3004 non
1150 2955 1178 3000 30

126 3037 166 3112 fit,
188 3037 268 3112 quod
291 3037 335 3096 sol
358 3037 510 3112 adportes
529 3035 597 3096 illas
616 3055 676 3096 non
696 3035 815 3096 accedit.
843 3035 948 3112 Aquae
963 3054 1034 3095 vero
1050 3034 1134 3112 palu-

127 3125 202 3198 dum,
225 3127 257 3186 in
279 3125 518 3202 quibuscumque
540 3125 676 3202 partibus
695 3128 845 3190 terrarum
865 3127 933 3202 sint,
953 3126 1035 3183 totae
1051 3125 1137 3200 quasi

126 3233 265 3274 venenum
288 3217 370 3286 sunt,
402 3215 542 3291 quoniam
571 3214 708 3292 indignas
740 3217 770 3274 et
796 3215 915 3275 nocivas
942 3212 1137 3273 humiditates

128 3308 216 3364 terrae
231 3305 263 3363 in
277 3321 308 3364 se
323 3307 446 3380 portant
462 3306 493 3363 et
505 3322 665 3364 venenosas
687 3322 807 3380 spumas
826 3305 982 3365 vermium.
1024 3301 1064 3361 Et
1083 3301 1137 3361 hae

127 3394 263 3470 pessimae
283 3396 353 3453 sunt
375 3393 413 3452 ad
434 3397 541 3468 potum
557 3412 591 3453 ac
605 3395 682 3452 male
697 3392 735 3452 ad
748 3393 879 3470 reliquos
894 3411 966 3453 usus
980 3391 1135 3451 hominum
1149 3401 1176 3447 ee

128 3484 238 3558 praeter
253 3482 290 3541 ad
313 3482 481 3558 lavandum,
508 3482 534 3541 si
556 3481 594 3541 ad
617 3501 692 3558 opus
717 3482 895 3542 necessariae
918 3481 1038 3544 fuerint.
1078 3479 1136 3550 Qui

130 3575 221 3632 autem
237 3591 285 3633 eas
305 3591 361 3649 pro
380 3572 551 3632 necessitate
570 3571 712 3649 penuriae
728 3572 855 3631 aliarum
871 3589 1016 3646 aquarum
1035 3567 1136 3628 bibere
