2662 3932
186 192 248 251 160
570 182 816 238 HILDEGARDIS

184 370 271 429 busto
295 372 325 429 11
347 368 423 428 bono
447 369 526 440 vino,
549 369 635 428 facile
659 369 806 427 calculum
829 367 885 426 sibi
902 367 1034 426 attrahit.
1072 365 1151 426 Nam
1170 368 1210 426 de

143 513 146 518 .
185 459 343 535 praedictis
366 458 439 517 cibis
462 462 493 516 et
514 457 642 533 potibuS,
666 476 734 516 cum
757 457 848 516 etiam
870 474 938 516 caro
962 457 1025 516 eius
1048 457 1149 516 mollis
1176 461 1210 516 et

183 548 308 607 humida
340 548 392 622 sit,
423 548 508 623 quasi
540 549 605 606 faex
633 547 664 604 in
687 547 752 606 loeo
780 547 841 613 illo,
875 546 929 605 ubi
960 547 1048 605 urina
1079 547 1208 606 effluere

186 638 279 710 debet,
303 637 480 714 coagulatur
502 641 532 696 et
554 637 585 694 in
608 636 757 695 calculum
781 636 919 708 durescit,
952 637 1004 694 sed
1033 641 1131 694 tamen
1169 635 1209 694 de

159 727 282 787 5111011
306 729 336 785 11
357 726 533 786 fortitudine
566 726 669 784 urinae
704 725 891 801 aliquantum
923 727 1008 784 tener
1041 727 1093 801 est,
1129 725 1209 784 dum

186 815 282 875 adhuc
303 815 383 874 infra
404 815 554 874 hominem
577 817 628 888 est,
657 818 688 874 et
709 814 776 873 ideo
799 815 851 872 ille
874 815 1020 889 paulatim
1049 817 1079 872 et
1105 814 1206 872 modi-

187 924 250 964 cam
282 905 401 963 urinam
433 905 569 981 quamvis
603 923 671 962 cum
704 903 881 962 difficultate
904 903 1024 965 emittit.
1069 902 1100 961 Si
1123 904 1208 962 enim

185 995 315 1054 calculus
338 995 415 1053 infra
437 993 584 1053 hominem
609 993 702 1051 durus
718 997 801 1068 esset,
824 993 912 1051 homo
929 993 987 1051 cito
1002 992 1121 1068 periret.
1155 992 1208 1052 Sic

189 1087 234 1143 est
256 1085 287 1142 in
309 1083 434 1141 muliere
457 1102 546 1160 quam
569 1082 599 1139 in
615 1085 688 1157 viro,
713 1083 801 1140 urina
824 1084 925 1140 autem
947 1081 1007 1141 viri
1030 1072 1135 1140 fortior
1159 1085 1209 1141 est

148 1186 173 1230 15
187 1192 277 1250 quam
300 1172 442 1247 mulieris,
473 1172 524 1231 sed
555 1174 653 1230 tamen
682 1172 729 1231 vir
758 1170 901 1230 maiorem
932 1171 1064 1230 dolorem
1086 1172 1209 1247 patitur

186 1282 276 1339 quam
299 1262 413 1320 mulier.
460 1261 547 1331 Quod
570 1264 670 1319 autem
692 1261 779 1337 pueri
801 1265 855 1319 aut
877 1260 1005 1318 infantes
1028 1260 1064 1318 de
1088 1260 1207 1319 calculo

185 1352 385 1428 stringuntur,
407 1349 463 1409 hoc
487 1350 523 1408 de
545 1351 625 1408 malo
649 1353 680 1408 11
701 1368 792 1426 pravo
809 1350 885 1408 lacte
901 1349 1052 1408 nutricum
1068 1351 1120 1420 est,
1143 1368 1208 1426 quo

184 1439 292 1499 nutriti
316 1442 385 1498 sunt
408 1440 455 1498 vel
478 1439 663 1502 nutriuntur.
707 1438 782 1497 Nam
805 1457 872 1497 cum
895 1439 997 1496 nutrix
1018 1439 1136 1497 infirma
1158 1445 1209 1498 est

185 1531 233 1589 vel
256 1547 322 1586 cum
347 1528 471 1588 diversis
493 1529 566 1587 cibis
589 1530 619 1588 et
640 1528 762 1605 potibus
786 1531 816 1586 11
838 1527 910 1586 forti
933 1528 1003 1587 vino
1027 1529 1208 1605 frequenter

147 1615 294 1693 coutitur,
318 1617 386 1676 inde
409 1619 456 1677 lac
478 1621 593 1677 rectum
616 1636 749 1693 saporem
774 1617 888 1676 amittit
910 1621 940 1676 et
954 1617 1040 1693 quasi
1055 1616 1208 1676 foetidum

187 1708 259 1783 erit,
295 1709 326 1765 et
348 1710 420 1766 tuno
454 1707 500 1766 lac
533 1706 615 1765 istud
650 1706 792 1766 foetidam
827 1707 1062 1782 coagulationem
1085 1707 1116 1764 in
1140 1707 1208 1766 loco

187 1796 337 1856 effusionis
369 1796 473 1856 urinae
502 1797 534 1854 in
566 1814 658 1872 puero
691 1797 739 1855 vel
772 1795 802 1853 in
830 1795 939 1854 infanti
961 1795 1034 1854 facit
1057 1799 1088 1854 11
1110 1795 1153 1854 ita
1176 1795 1209 1854 in

188 1887 334 1946 calculum
357 1885 496 1948 durescit.

253 1977 301 2035 De
322 1976 402 2050 palo.
447 1974 589 2033 Homines
620 1977 730 2050 autem,
764 1974 817 2050 qui
846 1974 909 2032 sani
936 1979 1007 2033 sunt
1029 1976 1060 2032 11
1083 1972 1211 2050 robusti,

145 2074 173 2120 25
186 2065 229 2123 ita
252 2065 342 2122 etiam
366 2064 447 2140 quod
470 2082 573 2121 eorum
595 2063 679 2123 nervi
701 2063 792 2123 fortes
814 2064 931 2121 suntet
946 2062 1028 2138 quod
1044 2063 1208 2121 suntebri·

188 2155 230 2212 osi
254 2156 284 2212 et
306 2153 404 2230 gulosi
427 2153 578 2211 studentes
602 2153 739 2212 carnibus
768 2155 799 2211 11
826 2152 892 2210 aliis
916 2151 1047 2210 delicatis
1077 2152 1152 2211 cibis
1176 2155 1209 2210 et

187 2241 317 2318 potibus
351 2241 460 2300 horum
495 2241 614 2317 sanguis
649 2242 680 2300 in
712 2259 846 2300 carosum
869 2242 999 2300 colorem
1021 2242 1152 2300 vertitur
1175 2245 1210 2300 11

187 2331 292 2389 deinde
315 2329 536 2404 spissitudinem
564 2331 703 2406 acquirit.
748 2331 788 2389 st
817 2331 888 2407 quis
914 2349 984 2405 prae
1013 2330 1209 2406 spissitudine

187 2423 302 2480 rectum
324 2422 455 2478 meatum
478 2419 587 2478 habere
610 2439 669 2478 non
692 2424 799 2496 potest,
823 2420 904 2496 quod
927 2419 1016 2477 ctiam
1039 2438 1092 2479 nec
1114 2419 1206 2478 febri-

147 2521 174 2564 25
187 2510 243 2569 bus
266 2527 319 2568 nec
342 2508 495 2568 debilitate
518 2510 678 2567 eorundem
700 2508 865 2584 hominum,
889 2509 1030 2585 quoniam
1047 2509 1112 2568 sani
1129 2513 1209 2584 sunt,

144 2647 147 2652 .
186 2602 367 2673 attenuatur,
403 2617 503 2657 carnes
538 2601 569 2656 et
602 2601 685 2658 cutes
719 2616 823 2657 eorum
858 2598 1021 2674 pertransit
1055 2601 1086 2656 11
1119 2598 1210 2657 noxio

185 2688 310 2747 humore
343 2687 437 2746 inficit
470 2691 500 2746 et
535 2688 620 2764 quasi
655 2687 787 2746 sordidas
823 2688 895 2746 facit
930 2690 1021 2762 atque
1055 2687 1209 2746 ulceribus

186 2777 290 2852 replet.

253 2867 301 2925 De
323 2865 470 2924 ulceribus
493 2865 602 2938 leprae.
648 2865 705 2924 Sed
729 2868 759 2924 11
781 2883 934 2942 pauperes,
967 2865 1020 2941 qui
1051 2864 1116 2923 sani
1139 2867 1211 2924 sunt

146 2965 310 3030 3010111011
354 2957 384 3012 11
421 2955 541 3013 eandem
588 2958 725 3014 naturam
775 2955 947 3031 gulositatis
985 2953 1109 3021 habent,
1159 2953 1210 3013 sed

187 3047 286 3103 tamen
310 3042 451 3102 delicatos
474 3044 555 3102 cibos
578 3047 609 3103 et
631 3040 1210 3119 10111111111111111111111111011111,

187 3133 284 3192 tribus
306 3133 355 3192 vel
378 3131 493 3190 duabus
517 3133 688 3208 septimanis
712 3136 766 3191 aut
792 3153 852 3191 una
874 3132 1057 3209 praedictam
1081 3132 1207 3191 infirmi·

186 3225 279 3281 tatem
302 3221 358 3281 sibi
383 3221 531 3280 attrahere
554 3225 687 3298 possunt,
712 3240 780 3280 curn
805 3223 923 3281 eosdem
947 3222 1029 3281 cibos
1055 3224 1209 3299 11110111,

188 3331 262 3388 quos
284 3311 402 3386 habent,
425 3311 593 3370 inordinate
617 3331 669 3387 per
692 3312 793 3388 gulam
817 3314 947 3370 sumunt.
979 3310 1027 3369 Sic
1050 3312 1141 3369 etism
1165 3311 1200 3370 de

150 3400 346 3460 sclavonibus
370 3404 400 3459 11
422 3400 524 3476 pueris
547 3400 677 3476 intelligi
699 3403 805 3474 potest.
855 3395 936 3461 Nam
959 3399 995 3458 de
1019 3399 1157 3459 carnibus
1181 3402 1211 3460 et

194 3490 311 3550 diverso
335 3491 410 3548 lacte
434 3493 464 3548 et
487 3490 523 3548 de
547 3489 619 3549 forti
641 3490 711 3548 vino
734 3489 806 3547 haec
821 3489 976 3548 infirmitas
992 3507 1078 3563 saepe
1094 3490 1209 3562 crescit,

194 3597 252 3638 non
276 3582 373 3638 autern
400 3578 435 3636 de
460 3598 535 3654 pane
558 3595 612 3637 neo
635 3577 671 3636 de
694 3577 825 3636 oleribus
848 3596 900 3636 nec
923 3577 959 3636 de
983 3578 1130 3639 cerevisia.
