2662 3932
163 224 165 227 ,
180 184 242 242 153
565 177 811 235 HILDEGARDIS

244 364 292 423 De
314 363 471 422 vermibus,
515 360 572 420 Sed
595 365 625 420 et
648 381 717 421 cum
741 360 842 420 cadem
871 381 978 438 spuma
1006 362 1201 421 stomachum

177 452 337 528 aliquando
360 451 530 526 pertransit,
559 450 589 509 in
613 469 648 510 eo
672 451 817 527 quasdam
839 469 952 510 vermes
976 451 1103 510 ebullire
1123 453 1201 510 facit

178 543 268 616 atque
303 540 446 618 quosdam
481 540 637 602 acerrimos
671 543 702 598 et
734 558 849 598 macros
879 539 1030 615 pediculos
1052 541 1085 598 in
1108 559 1199 600 carne

177 630 328 688 interdum
362 647 492 688 crescere
526 629 606 690 facit.
651 629 690 686 Et
720 628 774 687 ubi
805 629 885 688 idam
917 629 996 688 livor
1017 629 1049 687 in
1072 648 1199 706 corporo

150 718 305 778 thomiris
339 719 422 794 iacet,
457 718 499 776 ibi
534 717 623 776 etiam
658 717 817 794 aliquando
847 737 881 776 ex
908 717 1059 794 praedicta
1089 737 1199 794 spuma

178 808 339 884 gracillimi
361 807 525 878 vermiculi,
561 807 614 882 qui
636 807 726 866 tarmi
754 806 903 883 dicuntur,
936 811 1080 882 crescunt,
1112 809 1200 868 velut

178 897 300 972 quidam
323 896 479 956 vermiculi
501 897 532 954 in
556 915 635 972 aqua
656 896 710 954 illa
731 895 883 954 interdum
915 903 1086 971 nascuntur,
1118 916 1197 972 quae

176 987 209 1044 in
231 1004 291 1045 uno
313 987 379 1046 loco
403 988 464 1044 stat
488 988 520 1045 et
541 1004 600 1044 non
622 984 698 1046 fluit.
743 985 784 1044 Et
814 984 839 1043 si
868 987 941 1043 tunc
965 985 1120 1044 vermiculi
1143 986 1198 1044 isti

177 1075 207 1132 in
231 1075 349 1135 homine
371 1074 423 1134 illo
446 1073 652 1146 remanserint,
682 1074 726 1132 ita
758 1075 839 1151 quod
863 1073 900 1132 ab
923 1092 957 1134 eo
980 1092 1038 1132 non
1062 1074 1197 1147 exierint,

136 1177 163 1221 10
176 1183 244 1223 eum
267 1165 399 1222 multum
420 1162 552 1224 laedunt.

241 1253 286 1312 De
308 1253 471 1314 immicis.
515 1251 560 1310 De
582 1251 677 1311 noxiis
701 1270 820 1328 quoque
847 1254 877 1327 et
900 1251 985 1311 malis
1007 1251 1195 1328 humoribus,

174 1341 228 1417 qui
259 1342 290 1400 in
312 1341 431 1400 homine
453 1341 591 1401 venenosi
622 1343 693 1400 sunt
720 1344 751 1399 et
778 1341 831 1417 qui
858 1343 894 1399 ut
920 1340 999 1400 livor
1020 1341 1051 1399 iu
1073 1341 1196 1400 homine

174 1449 204 1488 se
220 1430 399 1489 contrahunt
414 1434 446 1490 et
461 1429 514 1506 qui
529 1429 559 1488 in
575 1429 710 1488 nocivam
724 1429 944 1506 longitudinem
959 1432 996 1489 ut
1010 1429 1148 1505 tepidum
1164 1437 1196 1489 et

173 1519 330 1596 putridum
354 1519 457 1579 vinum
479 1521 653 1594 vertuntur,
684 1537 799 1578 vermes
826 1519 857 1576 in
879 1518 998 1578 homine
1021 1519 1109 1578 facile
1130 1537 1195 1578 nas·

134 1621 161 1665 15
174 1610 296 1680 cuntur,
328 1607 379 1667 sed
406 1608 565 1684 praecipue
591 1608 622 1666 in
648 1607 812 1666 infantibus
842 1610 872 1666 et
898 1608 930 1666 in
960 1608 1069 1683 pueris,
1110 1609 1194 1684 quod

54 1746 60 1754 .
174 1697 313 1756 humores
341 1716 445 1756 eorum
476 1697 508 1755 in
530 1696 601 1772 ipsis
630 1697 817 1774 aliquantum
844 1697 920 1778 lacte
947 1697 1088 1772 permixti
1111 1703 1192 1758 sunt.

174 1784 232 1844 Sed
270 1805 383 1846 vermes
421 1786 452 1845 in
486 1785 604 1845 bomine
638 1805 656 1844 a
689 1786 980 1846 consuetudinalibus
1013 1784 1191 1846 humoribus

173 1895 232 1934 non
277 1879 441 1936 nascuntur
485 1893 538 1934 nec
584 1876 620 1934 ab
666 1874 841 1934 humoribus
886 1875 963 1948 illis,
1009 1875 1061 1950 qui
1108 1894 1193 1935 acres

173 1968 243 2024 sunt
265 1969 302 2024 ut
324 1968 449 2040 acetum,
473 1965 521 2024 vel
544 1964 569 2022 si
591 1966 690 2022 tamen
712 1964 743 2022 in
766 1963 933 2023 hominibus
956 1964 1030 2039 istis,
1054 1965 1108 2040 qui
1124 1983 1190 2024 con·

134 2065 161 2110 ao
176 2054 376 2114 suetudinales
399 2071 495 2113 mores
518 2053 549 2110 in
572 2071 602 2112 se
625 2053 742 2125 habent,
766 2053 867 2129 aliquo
883 2054 971 2112 modo
995 2071 1124 2112 crescere
1147 2055 1190 2112 in·

176 2143 314 2217 ceperint,
336 2143 395 2201 cito
411 2142 553 2202 deficient.
582 2140 667 2211 Quod
682 2142 707 2200 si
722 2141 894 2201 huiusmodi
910 2159 1022 2202 vermes
1037 2143 1068 2200 in
1088 2143 1191 2220 aliquo

175 2231 293 2290 homine
317 2232 507 2304 excreverint,
531 2249 600 2289 eum
623 2230 750 2290 debilem
771 2231 893 2290 faciunt.

242 2321 289 2380 De
316 2321 473 2393 pediculis.
521 2319 648 2389 Quidam
675 2321 775 2378 autem
802 2320 936 2381 homines
972 2324 1042 2380 sunt
1068 2321 1190 2397 gracilia

175 2427 240 2468 ossa
265 2413 295 2468 et
309 2409 442 2468 membra
461 2412 492 2468 et
512 2408 637 2486 graciles
656 2428 744 2468 venas
767 2409 918 2482 habentes,
943 2409 993 2468 sed
1016 2408 1145 2486 pingues
1161 2413 1190 2470 ct

130 2509 159 2554 25
174 2517 258 2558 sanas
281 2517 380 2558 carnes
396 2501 426 2557 et
440 2500 515 2558 bene
530 2500 716 2574 temperatae,
739 2498 782 2556 ita
798 2498 879 2574 quod
893 2517 947 2557 nec
961 2498 1049 2557 nimis
1073 2499 1188 2558 clausae

171 2606 224 2646 neo
247 2587 335 2647 nimis
358 2591 476 2664 apertae
499 2591 582 2660 sunt3
606 2591 636 2646 et
657 2588 776 2662 plenam
799 2595 829 2646 et
851 2589 924 2646 bene
947 2587 978 2646 in
1002 2587 1098 2647 calore
1115 2592 1187 2647 tem·

170 2681 303 2751 paratam
331 2676 493 2736 medullam
523 2680 625 2736 tenent
652 2679 682 2736 et
708 2675 775 2735 ideo
798 2676 887 2736 etiam
909 2677 1032 2751 plenum
1056 2677 1189 2736 animum

171 2769 201 2825 et
222 2769 382 2841 potentem,
406 2766 457 2826 sed
473 2765 695 2843 aliquantulum
709 2766 740 2824 iu
756 2765 887 2824 vanitate
902 2766 1045 2826 lascivum
1069 2765 1186 2838 habent

171 2857 200 2912 et
229 2855 334 2914 molles
365 2859 396 2914 et
426 2855 543 2914 delicati
576 2858 654 2918 sunt.
704 2854 744 2914 Et
777 2855 849 2930 quia
878 2855 995 2930 plenam
1026 2855 1188 2914 medullam

128 2942 291 3019 cohabent,
320 2944 387 3003 ideo
419 2945 508 3002 etiam
540 2944 664 3020 spissam
697 2943 747 3002 sed
782 2945 923 3021 gracilem
961 2951 991 3002 et
1025 2943 1125 3002 albam
1156 2963 1188 3004 ac

169 3050 270 3090 sanam
300 3032 432 3092 arvinam
465 3034 527 3092 sine
559 3033 702 3108 pediculis
732 3032 849 3097 habent.
895 3033 953 3092 Sed
985 3037 1084 3092 tamen
1117 3033 1189 3092 dum

169 3122 270 3180 eadem
293 3121 396 3181 arvina
422 3122 573 3181 interdum
596 3121 733 3180 sudorem
757 3122 876 3198 emittit,
899 3121 990 3182 sudor
1012 3122 1063 3180 ille
1078 3141 1189 3198 paucos

168 3211 320 3286 pediculos
351 3211 383 3269 iu
415 3215 483 3270 cute
514 3212 642 3271 exterius
675 3211 747 3270 facit
778 3215 808 3271 et
838 3212 945 3272 nutrit.
989 3209 1046 3270 Sed
1078 3214 1107 3270 et
1138 3211 1189 3269 alii

168 3300 300 3359 homines
332 3303 413 3372 sunt,
449 3301 503 3377 qui
535 3318 638 3377 grossa
669 3317 733 3358 ossa
760 3305 790 3360 et
818 3319 921 3378 grossa
942 3301 1076 3359 membra
1098 3304 1188 3376 atque

127 3399 155 3443 35
168 3407 285 3466 grossas
308 3408 398 3449 venae
418 3389 528 3448 habent
549 3390 600 3449 sed
620 3407 750 3448 macram
766 3393 796 3449 et
810 3410 869 3449 non
884 3389 1015 3448 multum
1036 3389 1187 3448 ardentem

167 3477 341 3555 medullam,
372 3482 403 3538 et
433 3478 500 3538 ideo
526 3480 648 3554 propter
680 3477 864 3538 debilitatem
894 3478 1042 3537 medullae
1072 3479 1187 3554 impru-

168 3567 315 3626 dentiores
337 3571 408 3627 eunt
431 3568 466 3626 cd
483 3568 629 3628 edaciores
653 3569 682 3626 et
706 3585 792 3644 saepe
815 3568 985 3642 esurientes,
1010 3567 1060 3626 sed
1084 3570 1116 3627 et
1136 3585 1188 3643 per
