2662 3932
366 199 509 256 CAUSAE
530 201 576 256 ΕΤ
596 199 717 256 cutem
736 201 805 258 LlB.
824 202 859 256 11.
1079 208 1120 267 99

82 383 257 442 madidum
284 387 329 444 est
360 388 390 443 et
421 386 492 461 quia
521 383 697 444 humoribus
733 384 898 444 humectari
927 384 1026 461 debet,
1059 389 1122 444 tem

84 473 191 532 mslos
220 493 311 550 quam
332 474 425 533 bonos
447 474 587 533 humores
614 473 728 550 recipit.
774 473 850 533 (lum
877 493 949 552 ergo
976 474 1122 551 praedicti

84 561 166 620 mali
183 561 329 622 humores
345 563 567 638 insurrexerint,
591 563 628 622 ad
648 563 731 639 splen
761 562 944 637 (ascendunt
965 567 1016 639 et)
1045 563 1122 623 illud

85 651 242 711 sanciunt
264 654 294 710 et
317 652 417 712 dolere
440 651 562 714 faciunt.

160 741 215 800 Dc
241 742 388 800 stomacho
416 745 443 801 et
464 742 529 802 ciue
551 741 755 816 indigestione.
801 741 977 801 Stomachus
1001 753 1149 818 quoqnee

85 829 120 886 in
146 847 281 905 corpore
302 829 431 890 hominis
454 829 498 889 its
524 829 640 906 positus
655 833 706 902 est,
731 831 811 906 quod
834 849 934 890 omnes
957 829 1038 890 cibos
1061 849 1121 890 sns-

87 917 169 993 cipit
186 921 221 978 et
243 917 369 995 digerit;
391 921 422 978 et
436 921 524 978 tenax
539 921 584 979 est
598 921 629 978 st
643 919 831 996 aliquantum
846 920 970 980 interius
983 938 1121 996 rugosus,

87 1009 128 1065 ut
153 1007 244 1067 cibos
268 1007 305 1066 sd
327 1008 523 1086 digestionem
554 1009 683 1067 retinere
709 1009 815 1084 possit,
846 1029 883 1068 ne
911 1008 999 1069 citius
1025 1009 1057 1066 in
1079 1008 1121 1067 ‹li-

89 1096 266 1173 gestionem
288 1097 438 1173 labantur,
466 1097 550 1158 velut
572 1098 766 1157 cementarius
788 1098 901 1173 lapides
933 1098 975 1156 ite
1005 1097 1120 1174 incidit,

88 1187 127 1244 ut
162 1188 337 1246 cementum
368 1186 485 1263 cupiant
514 1189 545 1245 st
573 1188 700 1260 teneant,
729 1206 766 1246 ne
797 1186 915 1245 diffluet
942 1189 996 1246 sut
1023 1186 1119 1247 cedet.
1135 1193 1162 1238 10

90 1273 153 1333 Sed
179 1294 253 1335 cum
276 1274 399 1351 qnidam
420 1274 554 1334 homines
577 1275 737 1352 aliquando
761 1276 906 1352 quosdam
929 1277 1009 1336 cibos
1030 1293 1122 1352 supra

89 1363 227 1423 modum
249 1365 438 1441 sumpserint,
462 1364 574 1424 seilicet
588 1363 696 1424 crudos
712 1367 742 1424 et
756 1365 888 1425 incoctoe
904 1367 934 1424 et
950 1365 1121 1425 seminecem

90 1471 126 1512 ec
160 1453 316 1529 superflue
351 1456 382 1511 et
418 1453 610 1513 immoderate
645 1454 770 1530 pingues
805 1457 895 1531 atque
929 1473 1034 1532 graves
1069 1457 1122 1513 ant

92 1540 198 1602 aridos
223 1544 254 1600 et
275 1542 379 1618 siccos,
410 1545 482 1602 tuno
503 1542 655 1602 interdum
677 1561 729 1603 cor
751 1546 782 1602 et
803 1542 885 1603 iecur
908 1561 941 1602 ac
963 1545 1067 1619 pulmo
1090 1546 1121 1604 et

91 1630 175 1690 alius
198 1627 303 1702 'eelor,
334 1631 387 1709 qui
418 1632 450 1689 in
481 1630 598 1700 homine
629 1635 686 1704 est,
717 1635 837 1690 tentum
864 1635 895 1691 et
921 1635 986 1691 tam
1012 1634 1121 1692 fortem
1134 1639 1161 1684 1⁵

92 1718 200 1796 ignem
228 1719 379 1779 stomacho
413 1719 620 1780 administrare
650 1740 709 1780 non
741 1724 880 1797 possunt,
918 1724 954 1781 ut
981 1721 1041 1781 cibi
1068 1722 1120 1780 isti

93 1812 316 1886 excoquantur3
339 1809 418 1868 unde
441 1810 471 1868 in
494 1809 645 1870 stomacho
669 1811 866 1887 coagulentur
882 1813 912 1869 et
925 1809 1120 1870 indurescunt

95 1899 127 1954 et
150 1897 268 1957 mucidi
290 1897 374 1974 fiunt,
401 1898 445 1957 ite
468 1900 549 1975 quod
571 1899 663 1958 etiam
685 1899 870 1966 stomachum
890 1899 1040 1958 interdum
1063 1899 1117 1957 ali·

95 1990 250 2061 quantum
265 1989 319 2046 ant
333 1987 460 2048 viridem
475 1990 528 2046 eut
543 1989 683 2064 glaucum
699 1988 896 2049 sublividum
912 1990 965 2046 sut
987 1988 1119 2046 multum

94 2074 235 2146 livorem,
252 2075 284 2134 id
299 2079 344 2135 est
358 2077 437 2148 elim,
456 2075 613 2136 habentem
628 2076 765 2150 reddunt,
781 2080 812 2136 et
826 2077 908 2154 quod
924 2076 1014 2136 etiam
1028 2077 1118 2136 inter·
1132 2085 1160 2130 20

96 2163 171 2222 dnm
208 2165 293 2224 volnt
328 2164 486 2240 putridum
524 2167 747 2242 sterquilinium
780 2166 874 2226 malos
910 2166 1050 2226 humores
1089 2169 1121 2225 et

97 2254 194 2314 malos
217 2255 346 2313 foetores
368 2273 422 2330 per
443 2257 543 2314 totum
566 2273 675 2332 corpus
698 2255 849 2331 emittunt,
873 2259 903 2315 et
926 2255 1119 2332 quodetiam

98 2343 184 2401 velut
207 2342 305 2402 viride
329 2346 359 2402 et
381 2343 501 2402 madida
515 2344 599 2421 ligna
612 2345 731 2404 incense
745 2345 859 2403 malum
874 2345 992 2403 firmum
1007 2343 1119 2421 ubique

98 2429 129 2488 in
152 2451 277 2508 corpore
300 2432 464 2492 effundunt.
510 2432 597 2504 Quod
621 2434 698 2494 enim
722 2433 844 2510 quidam
865 2434 925 2494 cibi
947 2434 978 2492 in
1000 2433 1120 2494 homine

99 2518 293 2596 indurantur,
332 2520 388 2580 hoo
422 2521 458 2580 de
490 2522 612 2582 diversis
641 2514 867 2582 infirmitatibus
897 2526 953 2598 est,
992 2523 1063 2599 quia
1093 2523 1159 2580 siu

99 2608 211 2669 nimius
234 2611 264 2669 et
286 2609 414 2670 iniustus
438 2610 527 2670 ardor
548 2611 580 2670 in
602 2610 721 2671 homine
743 2614 799 2688 est,
828 2614 991 2672 comestum
1019 2611 1120 2670 cibum

101 2698 227 2774 perurit,
250 2699 299 2757 vel
321 2699 347 2758 si
369 2699 496 2758 nimium
519 2703 550 2760 et
572 2701 719 2761 iniustum
741 2701 839 2778 frigus
858 2701 890 2759 in
910 2719 943 2760 eo
968 2702 1019 2775 est,
1043 2718 1118 2760 oom-

101 2789 179 2848 estns
203 2787 286 2847 cibus
313 2788 344 2846 in
372 2807 405 2848 eo
433 2788 529 2866 digeri
556 2809 615 2849 non
642 2793 752 2866 potest,
785 2789 836 2850 sed
858 2809 929 2867 prae
952 2789 1065 2866 frigore
1087 2790 1119 2848 in

101 2893 133 2934 eo
156 2877 343 2937 coadunatur
366 2881 396 2936 et
419 2879 607 2956 coagulatum
637 2883 668 2939 et
694 2880 737 2938 ite
763 2879 795 2938 in
821 2879 939 2939 homine
967 2882 1119 2938 monetet

101 2964 141 3024 sic
163 2966 215 3025 ille
238 2965 327 3027 dolet.
1131 2974 1160 3020 3⁰

166 3055 315 3128 Dorisco
337 3056 506 3116 ostensione
528 3061 581 3116 cot
602 3060 740 3131 ruptura.
786 3056 915 3128 Quidam
942 3059 1043 3116 autem
1065 3056 1117 3117 ho·

103 3144 193 3203 mines
216 3147 299 3220 sunt,
329 3145 383 3223 qui
405 3145 508 3206 molles
531 3163 631 3206 earnes
654 3147 787 3222 corporis
809 3146 919 3206 hebent
946 3147 1008 3207 sive
1030 3146 1118 3205 meci-

101 3230 171 3293 lenti
194 3234 257 3294 sire
279 3234 405 3311 pingues
428 3235 496 3307 sint,
519 3234 618 3294 ethis
640 3235 766 3295 interior
788 3237 938 3312 cutecula,
971 3255 1048 3312 quse
1070 3235 1117 3293 in·

102 3322 207 3382 tunna
230 3323 461 3400 comprehendit,
484 3324 605 3402 pinguis
629 3327 660 3383 et
681 3325 780 3384 tenuis
804 3327 861 3401 est,
890 3326 934 3384 ite
957 3324 1038 3401 quod
1063 3327 1116 3383 snt

102 3408 135 3470 <le
149 3412 330 3489 quibusdam
345 3412 570 3472 infirmitatibus
586 3416 639 3472 ant
660 3413 812 3474 laboribus
835 3417 889 3473 sut
912 3413 947 3472 de
971 3433 1041 3475 csso
1064 3415 1117 3472 ent
1129 3419 1157 3465 ³⁵

104 3498 135 3560 de
156 3501 325 3562 extensione
348 3502 468 3578 ventris,
491 3521 558 3562 curn
581 3502 653 3562 cibis
676 3503 817 3578 repletur,
845 3502 931 3562 facile
953 3501 1118 3578 rumpitur.

103 3585 155 3650 Sed
178 3593 278 3650 temen
302 3591 405 3651 eadem
427 3592 562 3652 cutecnle
583 3592 615 3651 in
637 3590 813 3652 mulieribus
841 3591 963 3668 spissior
984 3594 1015 3650 et
1036 3594 1116 3649 tena-

972 3692 1008 3745 ’μ
