2668 3924
209 109 271 167 184
592 99 836 156 HILDEGARDIS

210 280 297 363 ¹)Ubi
320 285 408 344 etiam
424 284 500 355 traso
515 287 545 342 et
560 284 632 342 mali
646 284 786 342 humores
801 287 891 359 rupta
906 287 974 344 cute
998 285 1108 360 absque
1132 306 1224 346 vene·

207 379 276 434 nato
306 375 404 433 ulcere
434 374 466 431 in
500 374 602 450 aliquo
636 374 702 432 loco
738 374 869 448 corporis
903 373 1026 432 humani
1058 374 1223 435 coadunati

207 465 341 537 effluunt,
368 466 440 522 tunc
462 463 551 521 homo
574 463 625 520 ille
648 462 774 538 accipiat
795 463 876 522 biboz
899 467 928 521 et
951 481 1072 522 succum
1095 465 1161 523 eins
1190 466 1224 524 in

206 553 349 612 mortario
380 551 501 611 terendo
534 552 679 627 exprimat
706 555 736 610 et
756 551 828 610 huic
848 570 934 610 succo
957 554 1014 610 mel
1040 553 1139 629 addat,
1167 548 1223 637 [et]

179 643 249 701 cita
271 645 307 700 ut
328 660 431 700 succus
454 642 566 701 bibones
597 639 686 700 tertia
715 643 800 716 parte
831 642 889 700 mel
920 642 996 699 illud
1029 642 1159 718 excedat,
1192 649 1225 703 et

207 732 260 790 nbi
283 731 371 804 dolet,
395 749 425 789 se
447 731 542 789 liniat.
575 730 616 788 Et
638 729 728 788 etiam
755 731 856 789 statim
880 731 993 788 clarum
1018 731 1054 789 de
1078 733 1224 808 albugine

207 821 256 879 ovi
278 821 389 879 factum
413 819 588 895 superliniat
611 822 641 877 et
662 837 759 894 panno
783 819 909 894 desuper
931 819 1006 896 liget
1028 824 1059 880 et
1080 822 1137 880 hoc
1159 828 1225 880 tam

207 910 260 968 diu
281 909 378 976 faciat,
403 909 475 967 dum
498 913 626 969 sanetur.

251 1000 295 1058 Dc
317 999 531 1057 insomnietate.
563 989 588 1070 2)
599 996 657 1067 cui
679 1000 778 1055 autem
795 997 896 1073 eliqua
911 998 1119 1058 contrarietate
1135 1018 1222 1058 occu-

169 1094 294 1163 topatus
318 1087 447 1145 dormire
468 1104 527 1145 non
549 1088 655 1161 potest,
679 1086 758 1145 siin
781 1089 888 1145 aestate
912 1091 964 1162 est,
998 1088 1123 1163 accipiat
1145 1089 1221 1147 feni·

207 1179 307 1236 culum
331 1179 360 1234 et
382 1175 426 1234 bia
449 1178 565 1234 tantum
589 1175 737 1234 millefolii
756 1178 787 1234 et
811 1175 842 1232 in
869 1195 947 1251 aqua
972 1176 1086 1236 modice
1112 1181 1224 1253 coquat

207 1271 296 1342 atque
329 1284 406 1340 aqua
440 1282 576 1340 expressa
608 1263 713 1322 herbas
748 1264 819 1324 istas
852 1265 961 1324 calidas
983 1266 1168 1341 temporibus
1192 1270 1224 1325 et

208 1356 298 1414 fronti
322 1373 355 1412 ac
377 1353 468 1428 capiti
495 1353 699 1428 circumponat
725 1357 756 1411 et
777 1352 901 1428 desuper
922 1373 1018 1430 panno
1039 1355 1124 1432 liget.
1163 1355 1223 1415 Sed

207 1447 237 1502 et
259 1444 385 1502 viridem
409 1441 531 1500 salviam
554 1442 680 1517 accipiat
702 1446 733 1500 et
754 1461 818 1500 eam
841 1443 909 1501 vino
933 1444 1047 1502 modice
1082 1450 1224 1521 aspergat

167 1549 193 1593 15
207 1537 237 1592 et
259 1534 299 1590 sic
324 1551 415 1606 supra
438 1549 488 1589 cor
511 1550 599 1590 suum
622 1535 652 1588 et
667 1532 744 1590 circa
760 1532 871 1591 collum
887 1551 974 1590 suum
990 1536 1090 1608 ponet,
1108 1537 1139 1592 et
1154 1533 1222 1594 dor-

207 1622 329 1679 mitione
357 1620 554 1681 alleviabitur.
604 1619 689 1689 Quod
717 1621 742 1679 si
765 1622 795 1678 in
817 1620 913 1679 hicme
937 1625 993 1695 est,
1021 1641 1120 1681 semen
1143 1623 1221 1682 feni·

208 1712 268 1770 culi
294 1713 323 1768 et
350 1709 477 1768 radicem
505 1709 654 1767 millefolii
681 1710 712 1766 in
745 1729 822 1785 aqua
853 1714 961 1786 coquat
983 1715 1013 1769 et
1034 1713 1223 1786 temporibus

208 1800 362 1875 caespiti,
393 1802 429 1857 ut
451 1798 636 1872 praedictum
669 1800 720 1869 est,
754 1799 959 1874 circumponat
982 1803 1072 1876 atque
1096 1800 1223 1860 salviam

207 1889 420 1964 pulverizatam
453 1888 535 1946 etin
558 1887 627 1946 vino
650 1887 763 1947 modice
786 1888 980 1948 madefactam
1003 1907 1092 1965 super
1115 1909 1167 1950 eor
1191 1895 1222 1950 et
1322 1883 1323 1921 l

167 1992 194 2036 ω
208 1980 285 2037 circa
306 1979 414 2037 collum
435 1980 527 2053 ponat
542 1995 575 2034 ac
590 1996 687 2051 panno
703 1976 829 2052 desuper
844 1977 938 2053 ligato
955 1978 1115 2049 confirmet,
1139 1980 1221 2054 quod

207 2067 312 2126 herbas
333 2066 442 2126 virides
464 2065 494 2123 in
516 2065 612 2123 hieme
633 2065 742 2124 babere
769 2085 828 2124 non
859 2067 946 2141 valet,
977 2070 1007 2125 et
1037 2071 1072 2126 ut
1107 2068 1222 2126 dictum

208 2162 260 2228 est,
283 2155 320 2213 ad
343 2155 551 2213 dormitionem
578 2154 684 2212 melius
711 2154 839 2216 habebit.
884 2154 959 2213 Nam
993 2156 1071 2215 calor
1098 2157 1221 2217 feniculi

207 2243 402 2319 inceptionem
424 2244 518 2302 somni
540 2243 667 2314 inducit,
696 2244 776 2302 calor
799 2247 898 2303 autem
918 2245 1066 2304 millefolii
1082 2265 1221 2305 somnum

207 2334 341 2393 stabilem
364 2333 443 2403 facit,
466 2335 496 2390 et
519 2332 598 2390 calor
620 2332 729 2390 salviae
752 2351 801 2392 eor
824 2333 945 2392 tardum
968 2337 1054 2409 parat
1077 2339 1109 2393 et
1131 2355 1220 2395 venas

167 2435 195 2479 ‘25
208 2423 277 2482 colli
300 2422 451 2497 deprimit,
485 2422 624 2496 quatinus
647 2440 766 2480 somnus
788 2423 916 2482 accedat.
961 2423 1000 2481 ut
1029 2423 1084 2482 hae
1115 2423 1221 2484 herbae

208 2532 276 2571 cum
298 2513 329 2570 in
344 2510 489 2569 suavitate
513 2510 667 2568 calefactae
683 2529 775 2586 aquae
792 2511 828 2569 ad
844 2513 971 2570 calorem
987 2531 1075 2571 snum
1092 2515 1220 2573 excitan-

208 2605 266 2673 tur,
289 2600 472 2676 temporibus
494 2599 771 2674 circumponuntur,
795 2603 831 2658 ut
852 2620 940 2660 venas
963 2620 1068 2660 eorum
1091 2603 1219 2677 compri-

208 2693 298 2765 mant,
322 2692 352 2748 et
374 2689 463 2748 etiam
486 2689 578 2747 fronti
601 2707 634 2746 ac
657 2689 746 2764 capiti
770 2693 970 2764 apponuntur,
988 2691 1129 2766 quatinus
1145 2710 1218 2750 cere·

208 2779 261 2838 bro
290 2779 420 2854 quietem
448 2777 588 2853 inferant,
621 2779 670 2836 sed
698 2780 728 2836 et
755 2796 852 2837 semen
875 2779 996 2838 feniculi
1020 2783 1050 2838 et
1072 2781 1217 2840 millefolii

168 2879 195 2922 ee
208 2868 237 2925 in
272 2887 349 2944 aqua
385 2869 552 2942 coquuntur
584 2871 706 2942 propter
745 2868 920 2927 suavitatem
955 2869 1086 2927 eiusdem
1115 2889 1215 2946 aquae,

208 2957 307 3031 pulvis
330 2957 429 3014 autem
452 2955 560 3014 salviae
576 2955 645 3015 vino
661 2956 833 3032 imponitur,
849 2960 885 3015 nt
900 2976 935 3016 ex
950 2976 983 3017 eo
999 2955 1037 3017 ad
1053 2960 1215 3018 remedium

207 3046 290 3105 istud
312 3045 465 3106 excitetur.

273 3136 319 3193 De
341 3131 532 3194 aromatibus.
565 3125 590 3209 3)
599 3133 683 3192 Nunc
706 3137 805 3192 autem
829 3134 864 3194 de
886 3136 1044 3212 praedictis
1066 3137 1217 3196 infirmita·

208 3222 289 3283 tibus
311 3222 494 3298 subscriptae
516 3222 677 3282 medicinae
701 3243 719 3281 a
741 3222 795 3282 deo
819 3224 1035 3284 demonstratae
1056 3231 1110 3284 aut
1123 3225 1215 3285 homi·

282 3434 302 3506 1)
322 3455 349 3490 v.
374 3437 442 3490 l—8
466 3462 498 3481 =
522 3437 618 3508 Migne
643 3437 711 3490 1172
734 3438 767 3490 A.
796 3469 830 3477 -
857 3435 880 3507 2)
904 3457 928 3490 ν.
953 3439 1041 3493 9-22
1066 3466 1097 3484 =
1122 3439 1216 3512 Migne

210 3504 279 3560 1156
297 3507 322 3561 D
340 3537 375 3547 -
396 3508 463 3561 1157
482 3509 514 3562 Α.
529 3521 568 3548 ’-·
586 3507 611 3578 ³)
630 3527 656 3563 v.
676 3509 709 3563 33
721 3528 792 3580 -p.
814 3509 884 3575 185,a
958 3528 985 3580 p.
1006 3511 1164 3576 Hiber—u.
