2668 3924
214 205 276 263 168
599 195 845 252 HILDEGARDIS

212 382 334 484 floribus
358 381 515 444 collectum
539 385 591 458 est,
614 381 712 458 frigus
734 379 880 458 flegmatis
902 382 1058 455 temperet,
1083 383 1121 438 ut
1143 399 1232 456 pree·

212 472 327 619 unffi
349 489 443 620 0eioe
480 562 646 634 sequuntur
684 560 725 618 od
758 559 864 618 citime
895 560 1048 633 pulmonis
1082 561 1230 633 cumiani.
1327 521 1328 596 i

215 643 356 728 ¹)Accipe
378 649 472 724 polim
495 652 524 708 et
549 649 708 708 feniculum
734 649 851 724 eeqneli
881 649 1010 724 pondere
1037 652 1068 708 et
1094 647 1140 707 bis
1163 652 1231 708 ten·

184 741 278 797 etum
300 736 335 797 de
358 757 433 798 nuce
455 740 587 797 musceta
614 741 644 797 et
671 738 790 796 tentum
818 738 854 797 de
885 739 1014 798 bertram
1040 740 1077 797 ut
1099 737 1233 797 istorum
1327 783 1328 792 ,

212 827 353 902 duorum,
384 828 427 886 ite
453 846 521 887 sene
548 829 584 885 ut
614 846 675 886 nux
701 830 836 887 musceta
859 829 890 886 et
912 829 1043 888 bertram
1071 827 1161 886 etiem
1190 846 1233 885 ce
1327 863 1328 880 r

213 916 310 993 quelis
344 916 483 992 ponderis
516 916 583 991 sint,
619 919 649 974 et
682 915 753 975 hece
784 916 938 991 pulveriza
970 919 1001 976 et
1032 919 1105 975 tunc
1138 915 1232 975 simul

213 1005 368 1066 commisce
399 1008 429 1064 et
459 1005 496 1064 de
525 1004 649 1082 pulvere
683 1005 741 1064 isto
774 1005 811 1064 ed
839 1006 955 1082 pondus
985 1005 1114 1065 duorum
1141 1023 1230 1064 num·

211 1113 330 1154 morum
360 1113 428 1154 cum
460 1095 545 1153 tenui
572 1094 705 1154 buccella
731 1094 816 1170 penis
839 1094 946 1154 cotidie
968 1095 1086 1154 ieiunus
1110 1094 1233 1153 comede
1327 1119 1328 1152 ς

173 1195 200 1240 io
213 1188 242 1244 et
265 1184 368 1242 statim
391 1183 542 1243 modicum
564 1183 653 1242 calidi
676 1183 738 1243 vini
765 1182 833 1243 bibe
855 1188 885 1244 et
908 1183 997 1244 etiem
1020 1184 1092 1244 elice
1114 1183 1230 1242 nobiles

211 1273 324 1345 herbas,
356 1292 432 1348 quae
454 1274 566 1332 bonum
590 1273 710 1332 odorem
732 1272 849 1348 hebent,
880 1276 910 1332 et
940 1291 990 1334 ees
1018 1275 1081 1332 tem
1110 1272 1231 1332 ieiunus
1327 1303 1328 1326 r

213 1381 304 1438 quem
334 1379 460 1437 prensus
492 1361 612 1421 comede
639 1363 819 1436 frequenter,
851 1364 888 1421 ut
909 1362 1007 1421 bonus
1030 1361 1103 1422 odor
1126 1381 1231 1421 earum
1327 1409 1328 1422 r

213 1451 250 1509 ed
281 1450 454 1526 pulmonem
486 1454 616 1511 transeat
647 1454 677 1510 et
708 1451 868 1512 foetentem
897 1450 1025 1510 halitum
1053 1455 1232 1526 compescet.

214 1539 272 1610 Qui
294 1558 364 1598 vero
388 1539 522 1616 quolibet
543 1539 631 1600 modo
655 1540 686 1598 in
709 1541 849 1616 pulmone
871 1539 961 1617 dolet,
983 1541 1109 1618 pingues
1125 1557 1228 1599 cernes
1327 1538 1328 1624 ζ

173 1638 200 1682 15
215 1628 327 1688 devitet
349 1631 379 1688 et
402 1629 509 1703 eibum,
533 1630 587 1706 qui
609 1630 705 1687 multo
729 1629 873 1706 sanguine
888 1629 1027 1704 perfusus
1043 1633 1097 1707 est,
1120 1633 1152 1688 et
1168 1647 1230 1689 coc-

212 1722 278 1778 tum
301 1736 426 1792 caseum,
450 1719 522 1795 quie
544 1717 642 1777 tabem
666 1718 744 1778 circe
765 1719 936 1793 pulmonem
959 1718 1081 1778 lecinnt.
1117 1717 1177 1777 Sed
1200 1723 1230 1778 et

211 1807 307 1883 pisum
330 1811 360 1866 ct
381 1809 493 1867 lentem
515 1812 546 1868 et
568 1808 659 1867 crude
681 1797 769 1883 poma
792 1811 822 1867 et
845 1807 936 1866 crude
956 1807 1036 1866 olere
1056 1827 1115 1867 non
1137 1826 1229 1866 come·
1327 1825 1328 1864 4

212 1897 263 1956 det
285 1899 315 1956 et
336 1915 425 1958 nuces
449 1901 479 1957 et
503 1897 602 1956 oleum
625 1896 749 1969 devitem
779 1895 861 1972 quod
892 1897 917 1955 si
948 1915 1048 1956 cernes
1076 1897 1230 1957 comedere
1327 1893 1328 1904 ¹

213 1987 290 2062 vult
315 2005 428 2046 macres
452 1987 595 2061 comedet,
620 1990 650 2045 et
673 1987 698 2044 si
722 2003 840 2044 osseum
863 1985 999 2061 comedit,
1030 2005 1089 2045 non
1112 1987 1231 2046 coctum

177 2083 271 2134 20nec
294 2075 428 2146 crudum,
451 2075 502 2134 sed
525 2075 642 2134 aridum
665 2076 741 2150 edet,
764 2077 794 2134 et
817 2075 842 2134 si
865 2076 962 2134 oleum
978 2075 1130 2135 comedere
1145 2074 1230 2137 volu·

212 2164 278 2238 erit,
305 2164 420 2223 modice
443 2164 584 2240 comedet,
613 2183 721 2241 equum
744 2183 813 2224 vero
843 2163 1015 2239 nonbibet,
1049 2165 1120 2240 quie
1152 2165 1231 2224 eirca

211 2253 383 2329 pulmonem
416 2253 541 2313 livorem
576 2256 606 2312 εὴ
643 2254 712 2313 slim
749 2256 842 2329 peret.
899 2253 956 2312 Sed
988 2256 1019 2312 et
1050 2271 1164 2314 novum
1200 2258 1231 2314 et

212 2342 339 2401 crudum
353 2345 495 2418 mustum,
512 2342 593 2420 quod
607 2342 739 2401 nondum
758 2343 790 2400 in
809 2343 925 2403 fervore
940 2341 1112 2402 ebulliendo
1128 2345 1229 2404 sordes
1327 2383 1328 2418 2

213 2431 310 2506 eiecit,
333 2450 391 2490 non
414 2430 512 2504 bibet3
536 2431 676 2491 cerevisia
699 2434 800 2490 eutem
822 2451 889 2491 eum
906 2451 965 2491 non
981 2432 1113 2491 multum
1128 2433 1228 2509 laedit,

171 2527 200 2573 25
214 2519 294 2596 qnod
318 2525 400 2581 conte
423 2524 479 2593 est;
502 2521 607 2580 vinum
629 2539 700 2580 vero
723 2521 894 2596 nonbibet,
923 2522 959 2579 cb
982 2520 1106 2580 humide
1128 2525 1228 2581 eutem
1327 2517 1328 2528 ¹

213 2613 243 2669 et
266 2611 408 2669 nebulosa
431 2629 504 2668 eure
527 2629 557 2670 se
580 2610 727 2675 observet.

278 2700 325 2758 De
337 2701 477 2760 amentio.
500 2691 562 2778 ²)Si
574 2699 676 2758 multis
688 2702 718 2757 et
729 2698 852 2758 diversis
864 2697 1093 2776 cogitationibus
1106 2699 1228 2759 scientie
1327 2703 1328 2732 l

212 2790 242 2846 εὴ
273 2806 373 2847 sensus
395 2788 561 2863 cuiuspiam
584 2788 709 2848 hominis
733 2791 920 2860 evacuentur,
949 2787 992 2847 ite
1015 2788 1096 2864 quod
1124 2789 1176 2848 ille
1197 2789 1228 2847 in

212 2876 370 2936 ementium
393 2878 528 2953 vertitur,
551 2878 616 2936 bum
638 2878 764 2954 accipiet
790 2880 820 2937 et
845 2880 892 2936 ter
914 2880 1032 2936 tentum
1054 2877 1177 2937 feniculi
1200 2882 1229 2938 et

171 2973 198 3017 co
214 2965 245 3023 in
277 2985 355 3042 eque
388 2965 479 3024 simul
513 2970 621 3043 coquet
655 2970 685 3026 et
718 2966 838 3026 abiectis
864 2965 997 3026 herbulis
1019 2966 1085 3025 istis
1109 2966 1229 3027 eandem

211 3073 319 3129 equam
349 3055 554 3132 infrigidatam
581 3057 751 3133 frequenter
779 3056 870 3116 bibet.
920 3053 1030 3114 Saccus
1059 3055 1137 3115 enim
1165 3058 1229 3116 bum

211 3143 303 3202 melos
326 3143 467 3204 humores
490 3145 666 3222 constringit
689 3148 718 3203 et
740 3145 856 3219 retinet,
880 3163 916 3203 ne
938 3144 1061 3203 modum
1084 3163 1175 3204 suum
1197 3147 1228 3204 in

212 3233 378 3308 petulantie
405 3233 559 3309 excedunt,
587 3237 617 3293 et
643 3235 791 3293 hominem
818 3233 979 3293 adsensus
1003 3251 1071 3293 suos
1094 3234 1226 3307 reducit3

211 3339 315 3380 succus
339 3326 438 3382 entem
461 3323 583 3382 feniculi
605 3323 642 3381 sd
664 3326 779 3382 rectum
806 3325 1072 3398 temperamentum
1098 3323 1230 3383 loetitiae

171 3418 200 3463 35
213 3428 261 3470 eos
285 3411 440 3486 pertrahit.
486 3413 526 3472 Et
546 3412 688 3471 herbulae
710 3413 784 3470 istae
800 3411 889 3470 simul
903 3413 1083 3487 temperatae
1098 3414 1128 3470 et
1142 3413 1229 3472 suevi

284 3519 317 3616 1)”
321 3518 462 3603 {Ine
492 3570 524 3597 =
550 3549 645 3620 migne
664 3547 748 3622 [1134
775 3546 865 3602 A-o.
893 3577 928 3588 -
959 3547 982 3618 2)
1011 3565 1034 3601 v.
1063 3547 1167 3602 27-31
1195 3571 1227 3596 =

210 3618 306 3689 migne
326 3619 394 3676 moe
413 3619 544 3677 o-moe
562 3619 595 3675 A.
1325 3639 1326 3644 Ν
