2662 3932
204 141 244 199 88
589 134 835 190 HlLDEGARDIS

202 323 316 391 tenent,
349 323 439 395 atque
468 337 521 377 neo
554 318 642 378 nimis
672 337 780 394 parum
807 337 860 378 nec
892 320 980 380 nimis
1009 320 1140 381 multum
1167 322 1223 380 sed

202 407 352 468 moderate
375 409 526 468 effluentes
548 408 661 468 rivulos
683 407 834 485 sanguinis
856 408 888 467 in
910 411 1063 469 menstruo
1082 411 1219 486 tempore

201 498 355 558 sustinent.
400 498 441 557 Et
473 497 613 574 quoniam
636 515 752 574 grossas
778 515 867 558 venas
898 497 1016 571 habent,
1048 499 1218 574 plurimum

201 587 342 646 secundae
372 591 442 646 sunt
471 587 501 644 in
524 587 607 662 prole
638 591 668 645 et
695 587 781 645 facile
804 587 989 663 concipiunt,
1022 587 1218 665 quodetiam

174 676 309 735 curatrix
332 680 362 736 et
385 676 482 736 omnia
504 677 615 736 viscera
637 694 740 734 earum
762 676 881 735 fortiter
910 677 1008 751 posita
1035 681 1113 738 sunt.
1159 677 1219 737 Sed

200 767 279 826 viros
302 765 358 825 sibi
381 764 536 826 attrahunt
562 767 593 824 et
615 783 663 824 eos
695 767 765 838 post
795 765 975 840 seducunt,
1007 766 1037 825 et
1067 765 1133 825 ideo
1157 767 1217 825 viri

200 873 248 914 eas
271 857 380 914 amant.
426 854 511 925 Quod
543 854 568 912 si
595 853 707 912 eviris
730 871 760 912 se
783 854 931 913 continere
953 855 1066 927 volunt,
1095 873 1125 914 se
1150 874 1217 914 con·
1295 863 1302 881 ⁹

198 943 293 1004 tinere
321 966 338 1002 a
368 943 574 1004 coniunctione
608 961 710 1001 eorum
741 945 879 1018 possunt,
910 961 963 1002 nec
993 943 1061 1004 inde
1084 945 1219 1004 multum

200 1034 335 1110 quamvis
367 1052 475 1110 parum
507 1030 709 1094 debilitantur.
766 1031 823 1091 Sed
860 1035 966 1104 tamen,
1005 1033 1030 1091 si
1068 1033 1149 1092 viros
1184 1034 1219 1092 in
1320 1041 1321 1050 ¹

160 1133 187 1177 10
199 1123 403 1182 coniunctione
426 1120 635 1191 devitaverint,
668 1120 802 1180 difficiles
831 1124 862 1180 et
888 1139 994 1198 moves
1021 1123 1052 1180 in
1080 1121 1219 1182 moribus

200 1213 261 1271 suis
284 1215 387 1282 amnt,
415 1211 439 1270 si
463 1213 563 1268 autem
585 1227 654 1272 cum
684 1209 757 1269 viris
789 1210 910 1286 fuerint,
941 1210 986 1269 ita
1019 1211 1100 1286 quod
1133 1230 1165 1270 se
1199 1232 1220 1270 a
1316 1276 1320 1301 f

200 1300 403 1360 coniunctione
434 1318 538 1359 eorum
568 1299 717 1358 continere
748 1298 910 1374 noluerint,
942 1299 1158 1360 incontinentes
1188 1304 1221 1360 et

199 1390 366 1465 superfluae
395 1387 558 1448 secundum
589 1389 668 1447 viros
699 1388 736 1446 in
760 1387 883 1446 libidine
918 1394 1014 1452 erunt
1063 1389 1103 1447 ut
1135 1391 1220 1465 quod

199 1478 289 1538 etiam
312 1479 499 1555 aliquantum
522 1476 622 1536 viriles
650 1481 720 1536 sunt
746 1479 869 1553 propter
895 1477 1093 1552 viriditatem,
1125 1497 1219 1554 quam

159 1580 187 1624 15
199 1569 231 1627 in
253 1585 284 1626 se
306 1567 424 1640 habent,
448 1567 634 1643 aliquantum
655 1565 805 1642 lanuginis
822 1565 900 1625 circe
914 1569 1049 1626 mentum
1064 1566 1219 1628 interdum

200 1657 351 1716 emittunt.
382 1656 414 1716 Si
437 1659 538 1716 autem
557 1657 673 1714 rivulus
693 1655 846 1732 sanguinis
868 1655 898 1714 in
914 1658 1065 1714 menstruo
1080 1659 1218 1733 tempore

199 1748 266 1806 ante
289 1746 425 1806 naturale
447 1749 565 1822 tempus
587 1745 619 1803 in
642 1744 684 1802 eis
711 1745 931 1821 strangulatur,
963 1746 1036 1804 tuno
1062 1745 1220 1805 interdurn

199 1839 253 1894 aut
284 1835 426 1895 insaniam
456 1834 573 1910 capitis,
605 1852 681 1910 quae
715 1837 760 1892 est
791 1833 924 1909 frenesis,
958 1834 1131 1910 incurrunt,
1162 1840 1220 1895 aut

199 1925 374 2002 splenetice'e
407 1927 460 1982 aut
491 1923 671 2000 hydropicae
705 1925 805 1994 erunt,
841 1925 895 1980 aut
926 1925 1072 1983 exstantes
1106 1942 1218 1997 carnes,
1320 1928 1321 1956 ¹

159 2026 187 2071 co
200 2033 276 2091 quae
308 2031 423 2090 semper
456 2013 487 2070 in
522 2012 672 2071 ulceribus
708 2013 790 2086 sunt,
825 2010 856 2069 in
893 2011 934 2070 eis
972 2015 1120 2087 crescunt,
1162 2017 1219 2073 aut

200 2104 230 2162 in
268 2103 368 2179 aliquo
403 2101 535 2161 membro
570 2119 624 2160 suo
661 2102 927 2176 supercrescentem
961 2120 1092 2172 carnem,
1131 2103 1219 2161 velut

83 2183 86 2190 ⁴
199 2191 344 2268 quaedam
370 2191 494 2267 pustula
519 2190 551 2248 in
583 2189 684 2265 aliqua
714 2187 817 2248 arbore
848 2191 897 2248 vel
927 2189 959 2247 in
990 2191 1092 2267 aliquo
1124 2209 1217 2266 pomo

198 2284 250 2353 est,
274 2280 418 2343 emittent.
1126 2301 1130 2309 ¹

264 2370 309 2429 Dc
332 2369 466 2430 colerico.
500 2367 586 2426 Aliae
602 2369 701 2426 autem
719 2367 864 2442 quaedem
886 2368 1012 2426 feminae
1035 2371 1113 2441 sunt,
1137 2387 1217 2445 quae

157 2471 185 2516 25
199 2463 302 2518 tenues
325 2477 425 2518 carnes
453 2457 502 2517 sed
530 2474 634 2533 grossa
660 2473 726 2515 ossa
754 2455 863 2515 habent
885 2461 916 2516 et
936 2457 1104 2517 moderates
1126 2476 1217 2517 venas
1320 2452 1321 2500 ῐ

198 2552 228 2608 et
250 2549 377 2625 spissum
408 2566 442 2606 ac
473 2546 600 2605 rubeum
630 2545 815 2621 sanguinem,
848 2549 879 2604 et
906 2546 1013 2621 pallidi
1040 2546 1149 2605 coloris
1180 2547 1215 2605 in

197 2638 273 2698 facie
295 2640 366 2696 sunt
388 2640 419 2696 et
442 2635 603 2711 prudentes
624 2636 695 2692 sunt
718 2653 751 2692 oc
778 2633 1012 2694 benevolentiam
1038 2639 1152 2710 tenent,
1183 2639 1216 2694 et
1320 2643 1321 2652 ¹

198 2727 239 2785 eis
261 2726 427 2786 reverentia
449 2724 486 2783 ab
507 2723 677 2783 hominibus
704 2721 871 2794 exhibetur,
904 2727 934 2783 et
956 2725 1109 2784 timentur.
1155 2723 1214 2784 Sed

197 2815 361 2892 plurimum
384 2814 558 2891 sanguinem
579 2813 611 2871 in
634 2812 792 2870 menstruis
807 2812 973 2887 patiuntur,
997 2816 1028 2872 et
1048 2813 1158 2872 matrix
1181 2814 1213 2872 in
1320 2835 1321 2852 ¹

157 2917 184 2962 30
198 2905 239 2964 eis
262 2904 382 2963 fortiter
404 2903 501 2978 posite
523 2904 579 2972 est,
610 2919 643 2960 ac
670 2901 813 2960 fecundae
841 2905 919 2966 sunt.
965 2901 1004 2961 Itt
1029 2903 1088 2962 riri
1114 2920 1212 2962 mores

199 3012 302 3052 earnm
317 2995 424 3067 amant,
447 2991 498 3052 sed
517 2997 615 3050 tamen
636 3009 683 3049 ees
699 2990 886 3066 aliquantum
901 2990 1062 3066 devitando
1078 2991 1212 3068 fugiunt,

199 3081 340 3159 qnoniam
362 3081 443 3158 ipsae
470 3081 539 3140 illos
570 3079 725 3138 alliciendo
748 3079 816 3138 illos
843 3081 912 3154 post
934 3097 965 3139 se
992 3099 1052 3140 non
1079 3079 1213 3144 trahunt.

198 3170 284 3242 Quod
307 3171 332 3230 ei
355 3170 386 3230 in
409 3169 614 3230 coniunctione
640 3167 818 3227 maritorum
844 3175 927 3244 sunt,
960 3175 1057 3229 castae
1083 3172 1154 3228 sunt
1182 3173 1212 3230 et

197 3261 287 3320 fidem
310 3279 439 3320 uxorum
462 3259 521 3318 illis
552 3261 670 3318 servant
702 3260 793 3334 atque
815 3275 883 3316 cum
911 3258 952 3318 eis
981 3277 1066 3318 sanae
1089 3259 1212 3318 suntin
1316 3260 1322 3325 ¹,

156 3361 184 3406 35
197 3369 328 3427 corpore,
358 3352 388 3408 et
410 3349 435 3408 si
458 3348 572 3407 maritis
594 3346 756 3420 caruerint,
789 3345 932 3406 dolebunt
953 3347 985 3405 in
1013 3365 1149 3423 corpore,
1181 3351 1212 3406 et
1317 3352 1322 3416 ζ

196 3439 306 3500 debiles
329 3443 417 3498 erunt
438 3441 501 3497 tam
524 3438 559 3496 de
579 3436 643 3509 hoc,
668 3435 748 3512 quod
763 3435 904 3508 nesciunt,
928 3436 977 3494 cui
999 3434 1113 3494 homini
1127 3437 1210 3495 femi-
1315 3433 1322 3507 ζ’

195 3548 280 3590 neem
302 3528 390 3588 fidem
413 3546 529 3589 servare
551 3527 675 3603 possint,
709 3543 799 3602 quam
821 3524 858 3583 de
880 3523 944 3601 hoc,
975 3525 1056 3601 quod
1085 3525 1210 3586 maritos
1317 3534 1318 3581 3
