2662 3932
373 144 516 200 cresin*
533 143 580 198 BT
598 143 721 199 GURAE
740 145 807 200 tre.
827 146 861 200 11.
1061 151 1121 210 151

175 330 221 388 De
242 329 362 388 vomitu.
394 325 470 386 (ium
484 329 572 388 homo
588 327 780 387 immoderate
796 329 921 406 frigidos
936 329 1018 388 eibos
1033 329 1125 388 sumit

32 435 38 448 ·
100 421 134 477 et
159 420 234 477 tuno
255 435 325 475 mox
347 417 470 492 calidos,
494 417 538 476 ite
563 420 671 489 temen,
699 417 781 492 quod
808 417 911 495 frigidi
938 417 1048 478 oelidos
1076 437 1122 477 ex·

99 509 259 583 superant,
295 509 348 565 eut
382 507 406 564 si
440 506 578 565 humidos
607 505 800 566 immoderate
829 507 934 579 sumit,
966 507 1009 565 ite
1044 507 1125 583 quod

97 595 225 655 humidi
248 595 339 654 siooos
363 595 600 670 supramodum
625 595 776 668 excedunt,
799 598 872 656 tuno
896 596 932 655 de
954 596 1124 656 diversitate

100 685 308 762 procellarum
330 683 438 742 herum
459 685 491 742 in
515 683 666 744 stomacho
682 703 767 760 seepe
782 684 871 744 homo
886 685 1034 744 vomitum
1049 687 1152 761 peti-5

99 778 168 846 tur,
192 792 261 833 eum
284 773 326 832 sio
348 773 543 849 digestionem
565 772 673 832 hebere
695 793 755 832 non
778 776 885 850 potest,
909 777 938 832 et
954 774 1020 833 ideo
1035 774 1124 834 homo

101 863 191 924 eibos
214 863 245 922 in
267 861 381 939 frigore
405 863 436 920 et
459 863 555 921 eslere
577 866 657 922 reete
679 865 858 939 temperatos
889 866 995 934 sumet,
1027 881 1063 921 ne
1095 882 1124 922 se

102 953 210 1028 ipsum
231 970 287 1028 per
308 951 457 1011 vomitum
481 951 587 1014 taedet.
618 951 676 1023 Qui
700 956 802 1011 sutem
824 952 861 1011 de
883 943 984 1028 eli'que
999 951 1123 1010 infirmi-

103 1045 170 1100 tate
193 1040 342 1100 vomitum
364 1041 523 1116 patiuntur
545 1043 576 1099 et
598 1045 721 1118 propter
748 1041 945 1100 inordinatum
973 1041 1124 1100 comestio·

104 1149 186 1204 nem,
209 1130 261 1188 isti
282 1129 408 1188 interius
430 1129 461 1188 in
484 1130 635 1189 stomacho
657 1130 763 1207 frigidi
785 1134 863 1202 sunt,
886 1131 930 1189 ite
953 1129 1033 1206 quod
1048 1129 1124 1189 oelo·
1139 1140 1168 1185 10

105 1239 172 1278 rem
195 1219 226 1278 in
250 1237 280 1278 se
303 1237 361 1277 non
384 1217 503 1294 hebent,
527 1222 563 1277 ut
586 1219 644 1277 eibi
666 1219 697 1277 in
713 1220 755 1278 eis
771 1219 809 1278 ed
825 1219 1020 1296 digestionem
1036 1220 1125 1295 eoqui

105 1308 233 1386 possint,
256 1311 286 1366 et
307 1311 380 1366 ωηο
402 1308 553 1367 semieooti
576 1307 635 1367 eibi
656 1327 776 1367 sursum
799 1309 973 1384 escendunt,
998 1327 1065 1367 oum
1089 1309 1126 1367 ad

106 1415 256 1457 secessum
279 1396 451 1456 deseemere
473 1415 531 1456 non
553 1396 661 1459 velent.
706 1398 746 1458 Et
772 1399 813 1457 sio
840 1398 929 1458 homo
951 1398 1061 1457 multos
1083 1398 1126 1456 in·

106 1487 267 1545 firmitates
290 1504 344 1560 per
366 1486 513 1545 vomitum
535 1486 660 1562 petitur.
695 1486 782 1558 Quod
798 1490 898 1546 autem
914 1487 1023 1564 uliquis
1037 1487 1126 1547 homo

108 1595 140 1635 se
171 1576 272 1651 ipsum
299 1575 335 1633 nd
353 1575 511 1634 'vomitum
537 1579 679 1651 provooet
706 1575 754 1636 vel
778 1577 859 1652 quod
881 1577 1003 1653 aliquod
1025 1577 1125 1636 eondi-
1143 1589 1166 1632 n

108 1668 247 1724 mentum
278 1667 385 1740 sumet,
415 1664 493 1723 unde
523 1665 671 1724 vomitum
693 1668 841 1741 provocet,
873 1664 929 1725 hoo
956 1666 983 1724 ei
1009 1667 1126 1725 salubre

110 1757 142 1814 et
163 1773 271 1813 senum
299 1771 358 1812 non
388 1756 441 1828 est,
471 1754 543 1829 quis
565 1755 697 1814 vomitus
720 1754 762 1815 sie
784 1758 963 1828 provocatus
986 1773 1073 1835 renes
1096 1757 1128 1813 et

110 1843 285 1920 sanguinem
297 1842 360 1901 eins
372 1844 562 1918 extorqueret
573 1845 603 1902 et
614 1843 643 1901 in
660 1843 806 1902 iniustum
821 1843 944 1903 modum
959 1842 1126 1919 deduceret,

111 1932 154 1991 itu
189 1929 271 2008 qnod
305 1931 395 1990 etiem
429 1931 507 1990 idem
541 1932 672 1991 vomitus
703 1937 819 1992 reotum
841 1932 899 1991 iter
921 1931 1045 1990 exeundi
1067 1950 1124 1992 non

111 2020 235 2080 heberet
257 2023 287 2079 et
308 2020 351 2080 ite
373 2019 463 2079 homo
486 2039 570 2097 ssepe
592 2020 768 2084 laederetur.
813 2020 884 2080 Ideo
916 2020 1004 2080 horno
1035 2021 1125 2081 vomi-
1139 2031 1166 2078 so

110 2114 176 2170 tum
200 2110 232 2168 in
255 2127 286 2168 se
308 2127 366 2168 non
389 2113 539 2186 provocet,
562 2110 615 2186 qui
631 2111 750 2170 sanitati
765 2111 828 2169 eius
842 2110 958 2168 inutilis
974 2113 1026 2186 est,
1051 2129 1125 2187 quo·

110 2199 191 2258 niem
213 2198 358 2270 vomitus,
382 2199 435 2274 qui
457 2217 512 2273 per
534 2217 564 2258 se
586 2199 618 2257 in
640 2199 757 2259 homine
780 2200 914 2276 exsurgit
935 2218 995 2259 non
1017 2217 1125 2274 provo·

111 2293 203 2359 entus,
235 2287 339 2347 melior
368 2291 415 2347 est
444 2288 505 2364 illo,
539 2306 628 2364 quem
649 2289 737 2349 homo
762 2289 862 2366 eliquo
886 2288 1072 2348 condimento
1094 2289 1126 2348 in

112 2396 143 2437 se
164 2378 315 2452 provocet.

177 2466 223 2525 De
245 2466 450 2540 indigestione.
485 2464 542 2524 Sed
558 2484 626 2525 oum
648 2465 788 2524 humores
812 2471 865 2524 eut
888 2466 924 2526 de
951 2467 1124 2526 infirmitate
1140 2475 1167 2522 25

113 2557 174 2615 aut·
188 2554 225 2614 de
246 2554 371 2613 infirmis
391 2557 422 2613 et
440 2572 501 2613 nou
521 2555 598 2613 sanis
619 2554 691 2614 cibis
706 2558 871 2627 moventur,
893 2556 937 2614 itu
952 2557 1032 2632 quod
1048 2557 1128 2616 eelor

114 2645 150 2704 ed
172 2643 269 2720 frigus
292 2661 323 2702 se
346 2644 502 2720 coniungit
524 2646 554 2702 et
576 2643 674 2720 frigus
698 2643 734 2702 ed
758 2644 885 2704 dolorem
908 2647 939 2703 et
965 2645 1128 2704 humiditas

114 2733 151 2794 ed
172 2732 334 2792 siceitatem
357 2736 388 2791 et
410 2733 526 2792 siceitee
549 2732 587 2790 ed
609 2733 827 2805 humiditatem,
855 2736 927 2792 ωηο
955 2734 1013 2810 ipsi
1035 2735 1125 2794 inter·

115 2822 185 2880 dum
206 2821 370 2898 indigestos
393 2822 474 2881 eibos
497 2825 527 2880 et
549 2824 640 2897 potus
663 2821 817 2898 expellunt
837 2825 867 2880 et
883 2823 1058 2885 extrudunt.
1089 2824 1128 2883 Et

114 2911 140 2972 si
155 2910 327 2970 huiusmodi
342 2911 453 2969 infirmi
468 2911 528 2970 eibi
544 2911 742 2986 expelluntur,
757 2910 813 2969 hoe
829 2910 940 2970 bonum
955 2917 1000 2972 est
1014 2912 1128 2973 homini
1142 2922 1170 2966 eo

116 2999 151 3058 sd
173 2999 339 3060 sanitatem.
386 2999 418 3058 Si
442 3003 542 3058 eutem
565 3000 624 3059 eibi
638 3000 710 3059 boni
725 3003 803 3075 sunt,
826 3004 900 3060 tune
915 3002 1000 3060 obest
1015 3002 1128 3062 homini

116 3088 151 3147 sd
178 3089 310 3164 eorporis
338 3088 506 3160 sanitatem,
534 3089 559 3148 si
592 3089 789 3165 expelluntur,
821 3089 899 3165 quod
931 3109 1020 3150 venae
1050 3091 1128 3150 bono

115 3195 199 3238 sueno
223 3178 385 3237 eorundem
409 3178 544 3237 ciborum
567 3181 758 3241 evacuentur.
791 3178 832 3236 Et
854 3197 922 3238 eum
945 3179 1035 3238 etism
1057 3180 1129 3238 meli

117 3267 251 3326 humores
274 3265 536 3342 superhabundent
557 3266 589 3325 in
609 3267 737 3342 homine,
760 3268 833 3327 tune
848 3268 1008 3344 aliquando
1023 3273 1130 3344 perant

118 3357 147 3416 in
178 3374 213 3415 eo
247 3355 424 3415 nebulosum
455 3357 582 3425 fumum,
618 3357 671 3432 qui
704 3375 757 3414 neo
784 3356 898 3414 eelidus
925 3375 979 3415 neo
1001 3358 1129 3434 frigidus
1142 3367 1172 3412 35

118 3448 225 3519 (est).
269 3445 309 3504 nt
342 3445 390 3504 hio
423 3445 454 3502 in
485 3445 597 3504 viscere
632 3448 663 3504 et
696 3445 774 3504 eirea
807 3445 992 3504 stomachum
1023 3450 1054 3505 et
1075 3465 1130 3523 per

119 3537 214 3594 totum
254 3552 346 3610 orpus
368 3534 451 3592 illius
475 3533 653 3594 diffunditur
676 3537 706 3592 et
729 3536 839 3593 eeteros
866 3537 971 3609 pestes,
997 3553 1073 3610 quse
1096 3535 1128 3594 in

1128 3831 1269 3894 A.
