2668 3924
218 183 281 242 236
604 174 848 232 Hmouoacols

215 363 324 436 potest,
354 364 385 419 et
405 378 460 436 per
481 360 686 420 melancoliam
707 361 854 438 fatigatur
876 362 907 419 et
929 361 1124 420 comodat
1146 361 1235 422 facile

215 452 271 520 est3
294 449 345 508 sed
368 449 420 508 diu
442 449 542 510 vivere
564 452 671 524 potest.

283 539 377 598 Lana
400 538 496 599 tertio
543 537 602 607 our
623 541 655 598 'm
678 540 767 598 tertia
790 539 861 597 luna
890 538 1068 615 coneipitur,
1101 539 1127 598 si
1154 559 1235 599 maa-

216 627 301 687 culus
324 631 376 703 cst,
399 627 510 704 probus
533 629 598 699 erit,
622 632 653 688 et
674 628 775 687 cadem
798 627 932 703 probitas
954 627 1001 686 illi
1023 647 1083 688 non
1101 630 1234 704 prodest,

187 716 297 793 equod
325 717 436 776 alienos
463 735 560 776 mores
588 717 689 792 habet,
728 720 813 790 (et),
830 717 898 792 plus
929 717 968 776 ad
994 717 1103 776 alienas
1132 736 1236 778 causas

218 825 308 882 quam
341 806 377 865 ad
409 824 476 866 suas
503 805 592 864 habet
624 809 654 865 et
680 807 749 883 plus
777 807 814 864 ad
842 805 950 864 alienos
976 805 1110 866 homines
1142 826 1236 883 quam

217 896 363 955 adnotes
387 895 504 955 anhelat
532 899 562 953 et
592 896 680 954 deum
708 895 820 972 absque
847 895 987 970 operibns
1003 894 1115 972 ‚diligit
1142 900 1173 955 et
1203 897 1236 956 in

216 984 356 1060 superbie
380 1003 434 1044 sua
456 984 541 1044 facile
558 984 669 1055 deficit3
692 984 743 1043 sed
765 984 851 1042 facile
867 985 898 1042 in
914 1002 1036 1060 corpore
1052 984 1235 1058 infirmatnr;

216 1074 268 1133 sed
290 1077 389 1133 tamen
413 1073 465 1132 diu
488 1073 587 1132 vivere
609 1077 716 1149 potest.
755 1072 787 1132 si
809 1091 880 1132 vero
901 1065 1011 1132 femina
1033 1077 1087 1145 est,
1110 1074 1236 1136 infelici·

176 1165 307 1222 rotatum
331 1167 360 1222 et
382 1163 580 1221 infortunium
601 1163 754 1222 mieseclct
776 1163 807 1221 in
830 1162 1032 1222 saecularibus
1053 1162 1155 1238 habet,
1184 1165 1237 1223 aed

215 1254 312 1311 tamen
335 1251 463 1327 suspiria
486 1250 523 1309 ad
551 1251 638 1310 deum
666 1254 759 1327 tenet,
792 1254 823 1310 et
852 1269 942 1310 venae
969 1252 1033 1310 eius
1062 1253 1236 1328 frequentes

216 1341 403 1399 infirmitates
425 1340 591 1415 patiuntur,
615 1340 666 1400 sed
689 1344 788 1400 tumen
810 1340 993 1412 tolerabilem
1016 1343 1046 1400 et
1068 1342 1158 1400 etiam
1181 1341 1236 1402 diu

216 1431 315 1489 vivere
338 1433 445 1505 potest.

283 1518 378 1578 Lama
401 1521 519 1597 quarto.
552 1518 610 1588 oui
632 1519 663 1576 in
688 1522 796 1595 quarta
818 1519 891 1577 luna
913 1519 1088 1594 concipitur,
1111 1519 1138 1578 ai
1159 1539 1235 1580 mae-

175 1618 203 1664 15
217 1607 303 1666 culus
326 1611 383 1679 est,
414 1608 548 1666 fatuosns
571 1609 629 1668 erit
651 1612 683 1668 et
703 1608 789 1668 facile
810 1626 865 1682 per
888 1607 961 1667 alios
989 1608 1149 1685 decipitu13
1181 1611 1234 1668 sed

214 1699 312 1754 tamen
344 1697 503 1756 benevolus
535 1701 581 1756 est
612 1699 641 1756 et
672 1697 846 1756 felicitatem
876 1696 979 1768 habet,
1017 1697 1061 1756 ita
1087 1698 1171 1773 quod
1200 1699 1233 1757 in

215 1785 355 1861 snperbia
378 1786 459 1844 dives
482 1786 540 1844 erit
562 1790 593 1845 et
616 1786 697 1863 quod
719 1786 891 1861 honoratur,
914 1789 944 1844 et
959 1787 991 1844 in
1006 1804 1129 1861 corpore
1142 1803 1232 1846 sanna

216 1877 259 1933 est
282 1879 311 1934 et
334 1876 404 1934 satis
428 1875 480 1934 diu
503 1875 598 1952 vivet,
629 1875 679 1935 sed
701 1879 800 1935 tamen
823 1893 882 1934 non
905 1876 1035 1934 multum
1063 1875 1116 1934 diu
1138 1877 1232 1938 vivet.
1321 1897 1322 1941 t

215 1963 247 2022 Si
270 1967 368 2023 autem
390 1964 501 2023 femina
523 1968 579 2036 est,
612 1965 739 2024 lobecoru
769 1965 829 2023 erit
856 1967 887 2022 et
913 1964 1083 2023 hominibus
1111 1984 1180 2024 cara
1202 1968 1234 2024 et

173 2063 201 2110 2⁰
214 2072 283 2112 cum
317 2054 486 2112 hominibus
519 2073 660 2130 prospere
689 2054 800 2113 incedit
827 2057 857 2113 et
884 2054 969 2113 facila
998 2053 1168 2114 infirmatur
1202 2059 1235 2114 et

214 2142 362 2201 defectum
393 2143 424 2200 in
456 2162 578 2219 corpore
605 2161 659 2202 suo
690 2162 775 2219 saepe
806 2143 895 2201 sentit
922 2146 953 2202 et
978 2142 1032 2201 diu
1060 2160 1119 2202 non
1141 2144 1234 2207 vivet.
1320 2186 1321 2211 p

280 2231 376 2291 Luna
398 2233 512 2304 quinto.
551 2232 609 2302 Qui
632 2233 662 2290 in
686 2232 791 2308 quinta
813 2232 886 2290 luna
908 2231 1083 2308 concipitur,
1107 2231 1133 2292 ai
1156 2252 1233 2292 mas·

215 2321 299 2379 culus
322 2324 374 2392 est,
397 2321 508 2397 probus
530 2324 561 2380 et
582 2321 691 2396 fidelis,
724 2322 810 2380 fortis
838 2340 872 2380 ao
894 2320 988 2380 durus
1011 2321 1069 2380 crit
1091 2324 1122 2380 et
1144 2340 1234 2382 sanus
1319 2389 1320 2400 χ

214 2409 244 2468 in
280 2428 402 2486 corpore
433 2413 463 2469 et
495 2410 678 2486 aliquamdiu
709 2411 798 2472 vivet.
844 2409 875 2468 si
909 2413 1007 2469 autem
1039 2410 1149 2484 femina
1179 2416 1234 2487 est,

173 2499 309 2558 revirilis
342 2504 372 2558 et
403 2500 528 2559 strtdtct
558 2502 588 2558 et
619 2500 723 2558 otdtch
754 2500 811 2557 erit
849 2498 900 2557 sed
932 2501 1031 2558 tamen
1062 2498 1171 2576 proba,
1202 2503 1234 2559 et

214 2588 365 2649 interdum
389 2589 494 2648 inforti
516 2588 688 2648 infirmitate
710 2588 865 2665 fatigatur,
897 2589 948 2646 sed
971 2591 1069 2647 tamen
1090 2607 1150 2648 non
1173 2589 1233 2648 fro·

215 2681 347 2753 quanter,
372 2680 402 2736 et
424 2678 513 2738 etiam
536 2678 722 2754 aliquamdiu
744 2677 844 2738 vivere
868 2680 978 2753 potest.

281 2767 489 2828 Laocoonta.
535 2766 593 2836 Qui
619 2767 650 2825 in
677 2769 759 2826 sexta
785 2766 858 2824 luna
890 2767 1069 2842 concipitur,
1100 2766 1126 2826 si
1155 2785 1233 2826 mae·

215 2856 300 2913 culus
323 2859 375 2930 est,
399 2855 557 2916 benevolus
580 2859 611 2916 et
631 2855 757 2914 blandus
779 2855 846 2930 erit,
870 2855 921 2913 red
936 2856 1037 2915 viriles
1054 2873 1150 2914 mores
1173 2876 1233 2917 non
1317 2883 1318 2938 p

174 2943 304 3003 achabet
326 2947 356 3003 et
379 2945 464 3019 quasi
487 2944 598 3003 femina
617 2945 714 3004 mollis
736 2945 794 3002 erit
817 2947 847 3003 et
869 2943 955 3002 facile
978 2944 1156 3020 infirmatur,
1181 2945 1233 3005 sed
1317 2947 1318 3027 l

215 3032 272 3092 diu·
292 3051 350 3091 non
373 3033 463 3095 vivet.
493 3033 526 3092 si
548 3052 618 3093 vero
641 3033 751 3092 femina
774 3036 827 3109 est,
851 3033 943 3109 proba
967 3037 998 3093 et
1017 3033 1152 3108 frumtch
1176 3035 1234 3094 erit

216 3127 246 3181 ct
269 3141 336 3181 cara
357 3121 535 3198 hominibus,
558 3125 588 3181 et
608 3123 725 3182 sanain
741 3125 931 3198 corpoream,
955 3127 986 3182 et
1001 3122 1053 3181 diu
1067 3141 1126 3182 non
1142 3123 1233 3186 uvat
1316 3175 1317 3186 ,

282 3210 521 3285 mmseptima.
548 3211 1233 3287 Quiinseptimalunaconcipitur‚simaaculns

216 3304 267 3373 est,
291 3302 427 3361 fatuosus
443 3305 473 3361 et
487 3302 583 3362 inanis
598 3301 742 3377 sapientia
757 3301 822 3377 erit,
846 3302 897 3361 sed
912 3303 1003 3377 putat
1018 3319 1049 3361 se
1069 3300 1234 3376 sapientem

174 3401 201 3447 et
215 3409 283 3467 esse,
307 3409 375 3450 cum
398 3391 513 3466 rapiens
536 3409 594 3450 non
617 3391 664 3465 sit,
688 3394 717 3450 et
739 3390 909 3450 hominibus
934 3389 1072 3450 amabilis
1089 3409 1149 3450 non
1165 3391 1233 3463 erit,
1315 3383 1316 3422 ³

216 3483 246 3538 et
279 3481 371 3540 fortes
398 3499 486 3540 venas
519 3481 609 3540 habet
642 3499 695 3540 nec
725 3480 857 3538 multum
881 3479 1016 3540 infirmus
1047 3481 1079 3538 in
1107 3497 1234 3554 corpore

216 3574 271 3643 eet3
304 3570 354 3629 sed
385 3570 410 3630 si
432 3571 588 3629 infirmitas
611 3589 679 3628 eum
711 3569 917 3646 apprehendit,
947 3569 1052 3630 lctsom
1084 3571 1113 3628 et
1141 3585 1232 3628 suor-
1313 3609 1315 3624 ς
