2668 3924
361 103 504 159 CAUSAE
522 103 569 158 ΕΤ
589 103 709 159 CURAE
728 105 795 159 LIB.
813 105 860 158 ΙΙΙ.
1062 111 1124 170 183

105 308 211 348 corum
244 306 329 347 succo
362 287 493 346 matricis
529 288 660 348 eiusdem
688 289 814 348 feminae
843 289 1050 365 coniungitur,
1083 289 1126 348 ita

105 377 189 454 quod
220 377 288 436 inde
316 377 502 453 aliquantum
530 377 737 454 impinguatur
763 382 792 436 et
820 379 1019 454 confortatur,
1048 381 1079 438 et
1101 379 1126 437 si

104 469 181 526 deus
203 467 342 538 voluerit,
364 469 448 526 tanto
476 466 593 526 facilius
620 467 755 542 concipit,
780 467 860 542 quod
883 468 1055 526 multotiens
1078 467 1123 525 iu-

104 557 185 615 dicio
213 556 262 614 dei
288 555 335 630 fit,
366 555 446 631 quod
470 556 567 616 virtus
599 555 758 633 generandi
785 556 953 615 hominibus
977 557 1120 616 aufertur.

176 646 222 704 De
233 646 379 719 podapra.
410 644 518 716 Homo,
542 645 594 720 qui
617 646 649 704 in
672 647 808 704 cruribus
831 647 862 704 at
876 645 908 702 in
923 646 1049 720 pedibus
1065 647 1153 705 suisa

105 733 275 810 podagram
298 735 387 792 sentit
410 733 529 792 atinde
553 733 641 809 dolet,
666 735 836 794 cumidem
859 734 944 793 dolor
960 753 1058 793 recens
1075 739 1126 805 est,

107 824 162 882 ille
186 823 316 899 plurima
339 842 449 883 cornua
472 824 519 882 vel
533 827 670 883 ventosas
686 825 823 883 cruribus
838 824 899 882 suis
916 825 1126 899 circumponat,

108 913 225 972 scilicet
248 932 265 969 a
286 913 347 971 talo
371 913 514 988 incipiens
530 912 641 989 absque
660 913 801 972 incisione
821 913 909 984 cutis,
933 916 969 971 ut
988 913 1126 971 humores

108 1001 169 1060 sibi
193 1001 353 1073 attrahent,
377 1005 408 1061 et
430 1002 534 1061 deinde
556 1022 574 1060 a
596 1003 659 1062 loco
683 1003 736 1061 illo
762 1003 877 1061 auferat
895 1005 925 1060 et
940 1021 974 1060 ea
990 1003 1127 1077 superius

105 1094 209 1166 ponat,
233 1091 375 1165 quatinus
397 1091 508 1149 iterum
531 1091 573 1149 ibi
596 1092 774 1151 subteriores
797 1091 936 1150 humores
959 1090 1014 1150 sibi
1038 1093 1167 1150 attrei-10

106 1181 191 1240 hant.
237 1180 277 1237 Et
304 1180 345 1239 sic
373 1180 463 1240 faciat
492 1182 590 1239 cutem
613 1200 671 1240 non
693 1181 848 1240 incidendo
872 1199 926 1240 nec
953 1180 1124 1256 rumpendo,

107 1288 206 1345 usque
230 1268 302 1326 dum
325 1270 362 1327 ad
385 1272 466 1328 nates
489 1288 557 1328 suos
581 1270 746 1346 perveniat3
770 1273 927 1346 postquam
951 1273 1050 1328 autem
1069 1269 1126 1328 hoc

106 1358 199 1416 modo
232 1357 269 1416 ad
301 1362 384 1416 nates
417 1359 596 1434 pervenerit,
631 1360 760 1435 ligamen
801 1360 832 1417 in
865 1359 1011 1435 superiori
1042 1364 1126 1434 parta

107 1466 191 1524 genu
214 1446 273 1505 sibi
295 1448 505 1523 circumponat,
528 1467 565 1506 ne
596 1450 745 1523 humores,
779 1467 853 1524 quos
887 1448 1024 1507 cornibus
1054 1449 1126 1506 illuc

106 1536 270 1606 contraxit,
293 1555 397 1596 rursus
420 1537 607 1612 descendant,
639 1542 669 1596 et
701 1557 769 1596 mox
791 1539 822 1596 in
846 1538 970 1596 confinio
994 1538 1074 1596 dorsi
1096 1543 1167 1596 et15

106 1625 312 1702 posteriorum
335 1645 403 1684 cum
426 1625 563 1686 cornibus
586 1629 640 1686 aut
655 1628 785 1686 ventosis
800 1626 989 1686 sacrificando
1005 1627 1123 1703 sangui-

105 1735 176 1773 nem
200 1717 230 1772 et
253 1716 347 1774 malos
370 1716 507 1775 humores
531 1717 656 1778 emittat.
687 1715 735 1774 Sic
759 1720 859 1774 autem
881 1716 979 1785 faciat,
996 1720 1026 1775 et
1041 1717 1126 1774 dolor

105 1804 260 1880 podagras
295 1805 377 1864 illius
409 1805 539 1867 cessabit.
568 1805 709 1880 †Accipe
737 1806 866 1864 bertram
893 1807 923 1862 et
946 1804 983 1862 ad
1005 1804 1125 1862 tertiam

103 1896 224 1969 partem
266 1894 403 1967 ponderis
441 1895 503 1952 eius
542 1894 578 1952 de
617 1894 748 1971 zingibsr
790 1898 820 1953 et
857 1893 1008 1951 modicum
1039 1893 1126 1968 piper

105 1986 138 2040 et
167 1982 240 2040 haec
268 1983 419 2057 pulveriza
447 1987 536 2058 atque
564 1983 682 2042 ieiunus
705 1984 825 2042 comede
849 1987 878 2041 et
900 1983 1003 2041 vinum
1024 1984 1126 2057 postea
1140 1991 1167 2037 20

103 2070 185 2133 bibe.
224 2107 226 2112 -

176 2161 223 2219 De
251 2160 363 2232 fistulo.
417 2159 448 2218 Si
470 2162 537 2237 quis
567 2162 697 2220 fistulam
729 2162 765 2220 de
795 2160 880 2220 melis
912 2163 942 2218 et
969 2161 1125 2235 superfluis

105 2248 284 2308 humoribus
300 2252 393 2308 ortem
410 2251 441 2307 in
463 2269 585 2326 corpore
602 2269 656 2310 suo
674 2251 782 2310 alicubi
798 2250 921 2326 patitur,
937 2251 1125 2326 purgatorias

105 2338 244 2414 potiones
260 2357 346 2414 saepe
368 2339 500 2414 accipiat,
522 2340 661 2414 quatinus
681 2340 972 2415 superhabundentes
988 2341 1125 2397 humores

105 2429 140 2486 in
162 2445 192 2486 se
216 2428 340 2488 minuat.
387 2427 474 2497 Quod
504 2430 529 2486 si
558 2432 661 2505 postea
692 2429 723 2487 in
755 2431 819 2488 loco
854 2429 983 2487 eiusdem
1014 2428 1124 2486 doloris
1138 2437 1165 2480 25

108 2517 187 2575 cutis
211 2517 409 2591 contrahitur,
433 2518 517 2576 velut
540 2518 581 2576 ibi
605 2519 700 2576 senari
723 2519 809 2593 velit,
835 2519 998 2576 etiterum
1021 2516 1124 2574 deinde

107 2624 164 2682 per
186 2606 327 2665 humores
351 2607 508 2682 scinditur,
536 2607 645 2666 iterum
673 2609 860 2683 purgatorias
889 2605 1024 2681 potiones
1053 2606 1123 2664 acci·

107 2695 182 2770 piat,
205 2714 242 2752 ne
266 2696 337 2753 mali
360 2696 499 2755 humores
521 2696 553 2755 in
576 2716 610 2757 eo
634 2695 903 2771 superhabundent,
926 2698 956 2753 et
978 2695 1019 2753 sic
1039 2713 1124 2771 saepe

107 2783 206 2855 faciat,
230 2787 262 2843 et
283 2785 378 2844 lenius
402 2785 522 2846 dolebit.
567 2787 606 2846 Et
630 2785 724 2864 [quia]
749 2789 811 2844 tarn
839 2784 938 2843 fistula
960 2803 1051 2859 quarn
1073 2803 1123 2860 po·

107 2873 201 2950 dagra
224 2874 343 2932 difficile
367 2876 464 2933 curari
487 2878 636 2950 poterunt.
1136 2882 1165 2927 3⁰

175 2962 220 3022 De
247 2964 350 3026 ulcere.
398 2962 429 3022 si
462 2965 548 3024 ulcus
583 2963 707 3040 aliquod
740 2967 793 3022 aut
826 2963 948 3039 pustula
975 2963 1124 3023 hominem

106 3051 212 3110 acerbe
228 3050 327 3111 dolere
342 3053 422 3128 facit,
446 3055 604 3128 antequam
620 3056 786 3128 rumpatur,
810 3053 859 3112 hic
876 3053 1001 3128 accipiat
1016 3054 1127 3111 lineum

106 3160 241 3218 pannum
277 3144 306 3200 et
340 3161 417 3201 nova
451 3161 517 3201 cera
546 3143 708 3218 perfundet
742 3145 771 3200 et
795 3142 922 3218 desuper
946 3142 1009 3200 oleo
1034 3142 1128 3200 olivae

106 3232 235 3307 inungat
259 3233 289 3290 et
311 3231 353 3290 sie
375 3249 465 3308 super
487 3232 573 3291 ulcus
596 3235 695 3309 ponat.
725 3232 765 3289 Et
786 3250 840 3306 per
862 3231 918 3290 hoc
947 3232 1033 3290 ulcus
1060 3249 1123 3290 sna»

106 3321 176 3378 vius
199 3320 388 3379 mollificetur
420 3324 450 3380 et
478 3323 599 3381 suavius
629 3321 781 3396 rumpitur
804 3326 834 3379 et
859 3321 998 3379 humores
1028 3324 1122 3379 extra·
1136 3328 1164 3374 35

108 3409 224 3468 huntur
247 3412 277 3468 et
299 3410 419 3469 suavius
442 3413 572 3474 sanatur.
618 3409 651 3468 Si
671 3429 741 3469 vero
763 3409 885 3484 pustula
905 3409 957 3467 illa
973 3412 1024 3484 est,
1048 3428 1123 3484 quae

111 3498 223 3557 dicitur
245 3517 360 3577 sagena,
387 3499 433 3557 illi
464 3518 501 3557 ne
534 3517 724 3575 superponas,
758 3498 838 3573 quod
869 3498 1035 3573 periculosa
1068 3501 1122 3557 est.
