2680 3938
410 187 551 246 CAUSAE
569 187 616 243 ΕΤ
635 187 757 245 conas
775 190 843 244 LIB.
861 189 896 246 Π.
1118 194 1159 254 43

139 381 182 439 Et
206 397 257 438 cor
290 377 505 454 proprietatem
536 375 674 434 scientiae
701 375 805 452 habet,
837 376 919 435 iecur
932 385 934 392 ⁴
947 375 1162 452 proprietatem

139 467 336 539 sensibilatis,
369 466 472 543 pulmo
504 464 718 540 proprietatem
741 466 807 525 folii
836 468 905 540 (et)
933 465 1048 524 itineris
1071 464 1161 524 ratio·

140 557 316 629 nubilitatis,
339 574 372 615 os
394 555 468 615 tuba
490 573 601 626 eorum,
624 572 699 629 quae
714 555 802 614 homo
817 555 941 630 profert,
964 557 993 614 et
1009 557 1163 629 susceptor

142 646 312 708 refectionis
327 645 460 722 corporis
476 647 521 704 est
536 646 566 703 et
580 661 683 702 vocem
697 642 821 719 profert,
844 645 896 703 sed
911 661 1013 704 vocem
1035 663 1094 703 uon
1116 662 1162 702 ex-

141 737 230 813 cipit3
259 735 339 795 auris
362 738 463 794 autam
485 751 588 793 vocem
611 734 729 808 excipit,
758 734 808 794 sed
831 751 933 794 vocem
955 751 1015 792 non
1038 733 1189 808 proferas

210 827 258 885 Dc
281 825 415 885 curibus.
465 823 505 881 Et
536 822 611 881 duaa
644 841 729 882 aures
761 823 845 884 velut
878 822 953 881 duae
985 823 1048 881 alae
1084 825 1162 893 sunt,

144 934 222 992 quae
253 932 354 973 omnes
382 929 468 972 sonos
496 930 604 972 vocum
631 911 778 972 inducunt
804 914 835 971 et
862 912 1004 986 educunt,
1036 913 1072 970 ut
1099 910 1162 969 alae

146 1005 285 1064 volucres
308 1003 340 1062 in
365 1021 431 1061 aere
453 1001 563 1063 ferunt.

213 1092 259 1152 Dc
282 1091 375 1152 oculis
398 1095 425 1150 ct
446 1091 582 1152 acribus.
628 1089 715 1150 Oculi
742 1109 860 1167 quoque
883 1089 949 1148 riae
977 1088 1104 1149 hominis
1132 1092 1163 1148 et

143 1200 231 1242 nares
270 1180 415 1256 sapientia
452 1182 515 1239 eius
554 1182 632 1239 sunt.
688 1181 728 1238 Εἰ
766 1179 808 1240 sio
848 1179 938 1238 eliam
975 1197 1030 1253 per
1067 1181 1163 1271 cetera
1178 1187 1204 1232 10
1290 1197 1292 1200 ·

143 1270 282 1330 membra
304 1271 400 1329 factus
423 1272 467 1328 ast
487 1269 585 1328 homo.
740 1345 743 1350 Ι
1071 1281 1074 1284 “

216 1359 300 1433 Quod
321 1361 356 1418 ira
379 1359 497 1418 hornam
519 1361 591 1418 suot
613 1359 764 1420 elementa.
797 1357 883 1417 Nunc
898 1358 1007 1429 autem,
1029 1360 1066 1416 ut
1080 1375 1163 1432 prae·

141 1450 241 1508 fatum
265 1452 318 1525 est,
349 1448 507 1524 elementa,
541 1446 679 1507 videlicet
700 1447 786 1524 ignis,
819 1466 877 1523 aer,
909 1450 1001 1518 terra,
1034 1465 1110 1522 aqua
1132 1447 1163 1504 in

141 1538 262 1598 homine
294 1540 365 1597 sunt
396 1541 426 1598 et
455 1536 569 1598 viribus
608 1537 670 1596 suis
709 1537 740 1595 in
773 1536 827 1596 illc
864 1537 1025 1612 operantur
1058 1555 1093 1596 ao
1130 1536 1161 1593 in

143 1626 284 1704 operibus
306 1626 388 1686 illius
411 1627 489 1686 sicut
515 1628 584 1686 rota
607 1644 674 1685 curn
702 1626 822 1684 flexuris
845 1626 911 1684 suis
937 1625 1079 1686 velociter
1106 1624 1203 1684 cir-15

144 1719 264 1776 cueunt.
318 1715 394 1774 Nam
425 1716 503 1792 ignis
535 1734 602 1774 curn
635 1715 766 1791 quinque
793 1714 1022 1790 praenominatis
1049 1713 1163 1774 viribus

144 1807 208 1866 suis
230 1805 262 1864 in
283 1805 402 1864 cerebro
426 1809 457 1864 et
480 1805 510 1863 in
532 1804 671 1864 medullis
693 1804 822 1863 hominis
846 1806 899 1879 est,
923 1803 1072 1878 quoniam,
1096 1822 1163 1862 cum

143 1895 262 1972 primus
284 1894 373 1954 homo
397 1893 433 1953 de
457 1894 529 1953 limo
552 1895 686 1954 mutatus
709 1897 765 1965 est,
794 1893 920 1952 rutilans
947 1891 1024 1969 ignis
1046 1891 1078 1950 in
1100 1910 1162 1950 san-

145 1984 238 2061 guine
261 1984 326 2043 eius
354 2003 388 2042 ex
416 1983 593 2043 fortitudine
622 1983 669 2042 dei
697 1982 831 2057 ardebat,
863 1984 899 2041 ut
926 1981 1016 2040 etiam
1043 1981 1163 2056 sanguis

144 2073 245 2135 rubet.
289 2073 331 2132 Et
351 2071 430 2150 ignis
453 2073 589 2133 ardorem
611 2073 642 2132 in
665 2071 740 2146 visu,
767 2070 950 2149 geliditatem
974 2070 1004 2128 in
1028 2070 1162 2145 odoratu,
1175 2078 1204 2122 2⁰

145 2163 303 2222 humorem
326 2163 358 2220 in
382 2165 483 2240 gustu,
508 2181 605 2221 aerem
621 2162 652 2220 in
666 2159 780 2234 auditu,
804 2163 834 2220 et
855 2160 1017 2220 motionem
1031 2159 1063 2217 in
1079 2162 1164 2218 tactu

146 2251 276 2311 hominis
310 2252 521 2312 demonstrant.
567 2251 627 2310 Aer
657 2253 758 2309 autem
788 2268 857 2309 cnm
889 2251 1019 2324 quatuor
1050 2248 1164 2309 viribus

146 2341 221 2416 suis,
259 2342 295 2399 ut
333 2341 518 2417 praedictum
552 2343 605 2412 est,
639 2340 671 2398 in
704 2339 864 2416 spiramine
903 2340 933 2398 et
957 2338 1164 2397 ¹rationalitate

145 2429 274 2489 hominis
305 2433 357 2491 est.
412 2429 479 2505 Ipse
513 2430 591 2488 enim
618 2429 730 2489 viventi
753 2429 925 2504 spiramine,
958 2427 1039 2504 quod
1067 2427 1164 2485 anima

147 2524 200 2591 est,
223 2519 254 2577 in
276 2518 397 2578 homine
419 2519 577 2595 ministrat,
602 2518 682 2593 quod
705 2537 772 2576 eum
795 2519 904 2594 portat,
928 2535 962 2576 ao
985 2517 1031 2575 ala
1046 2516 1163 2576 volatus
1176 2523 1204 2570 25

147 2609 210 2667 aius
243 2611 300 2684 est,
334 2609 387 2668 ubi
413 2607 503 2668 homo
536 2609 682 2684 spiramen
708 2607 740 2665 in
775 2626 805 2666 se
848 2606 964 2666 inducit
995 2608 1025 2664 et
1055 2605 1163 2680 educit,

146 2702 183 2757 ut
206 2697 305 2756 vivere
328 2698 429 2774 possit.
475 2697 516 2756 Et
538 2697 636 2755 anima
657 2696 736 2773 ignis
764 2699 821 2772 eet,
854 2696 908 2772 qui
934 2696 1033 2754 totum
1057 2712 1163 2770 corpus

146 2789 283 2862 penetrat
305 2790 335 2846 et
349 2781 505 2847 hominem
519 2787 658 2846 vivificat.
696 2785 758 2844 Aer
773 2804 891 2861 quoque
907 2784 1007 2862 ignem
1022 2783 1162 2858 accendit,

147 2880 177 2936 et
199 2877 277 2953 ignis
299 2895 352 2952 per
375 2893 471 2935 aerem
501 2877 533 2934 in
565 2875 701 2934 omnibus
730 2875 822 2934 ardet.
868 2873 930 2932 Aer·
952 2873 1043 2932 etiam
1065 2890 1163 2931 rorem

146 2966 178 3024 in
202 2965 369 3042 amissione,
393 2964 577 3024 viriditatem
600 2964 632 3023 in
648 2963 833 3039 excitatione,
856 2964 961 3022 flatum
976 2963 1008 3020 in
1023 2961 1162 3033 motione,
1176 2971 1204 3016 so

148 3054 277 3114 calorem
310 3054 341 3113 in
373 3054 545 3114 dilatatione
576 3053 704 3113 hominis
733 3052 871 3113 ostendit.
916 3051 972 3110 Sed
996 3070 1073 3128 aqua
1096 3068 1164 3110 cum
1219 3081 1222 3088 v

148 3143 315 3220 quindecim
330 3143 445 3204 viribus
460 3143 530 3219 suis,
554 3161 630 3220 quae
645 3142 883 3220 praenominatae
895 3144 972 3217 sunt,
993 3140 1025 3200 in
1040 3140 1164 3199 humore

148 3236 178 3292 et
201 3233 231 3291 in
255 3233 397 3310 sanguine
420 3232 548 3292 hominis
572 3235 624 3292 et.

214 3323 260 3382 Dc
282 3323 438 3398 sanquine.
483 3320 573 3398 Aqua
596 3320 729 3380 enimin
757 3319 876 3380 homine
906 3321 963 3391 est,
996 3336 1064 3377 oum
1097 3335 1163 3376 san·

148 3410 215 3488 guis
242 3411 273 3469 in
302 3430 335 3471 eo
365 3429 424 3470 non
452 3411 540 3471 deest
585 3411 625 3470 Et
651 3409 723 3469 haec
750 3408 958 3468 humiditatem
986 3407 1018 3466 in
1045 3406 1204 3466 hominess

148 3500 227 3572 facit,
259 3500 303 3559 ita
334 3500 415 3577 quod
445 3500 534 3560 etiam
557 3498 692 3559 viriditas
722 3499 754 3557 in
782 3517 816 3558 eo
839 3496 922 3574 viget
945 3500 976 3556 et
998 3495 1079 3571 quod
1101 3513 1163 3555 coa-

148 3589 263 3666 gulatio
287 3590 399 3650 ossium
420 3589 453 3648 in
468 3608 502 3649 eo
518 3588 669 3666 perdurat.
714 3588 759 3647 De
775 3586 942 3664 frigiditate
958 3587 1058 3644 autem
1073 3601 1164 3643 ranae
