2668 3924
206 166 268 224 224
591 155 839 213 HILDEGARDIS

205 345 422 404 festinationem
441 361 536 401 unum
555 343 649 402 ictum
670 344 724 400 aut
747 341 821 401 duos
844 342 921 400 ictus
944 340 1080 400 ordinate
1105 340 1220 400 dederit

205 438 234 492 et
260 435 371 492 iterum
398 432 502 492 deinde
529 431 661 507 festinat,
690 433 726 489 ut
752 429 837 506 prius
864 428 1029 506 festinavit,
1059 429 1159 488 anima
1187 431 1219 490 in

204 523 391 582 festinatione
422 521 475 579 illa
502 520 652 598 angustias
680 519 853 579 aderitum
882 537 912 578 se
939 517 1048 578 habere
1072 519 1216 594 ostendit,

205 613 358 671 etidcirco
379 630 482 670 venam
502 610 584 668 illam
599 609 774 668 festinanter
796 612 909 680 movet3
933 607 983 666 sed
1006 625 1101 667 unum
1124 609 1221 667 ictum

178 704 258 760 saut
292 701 366 762 duos
400 699 532 758 ordinate
567 699 761 772 demonstrat,
795 699 936 774 quoniam
963 697 996 754 in
1023 697 1142 756 homine
1165 698 1220 756 illo

204 791 282 850 vitae
309 789 481 849 recordatur
508 791 538 846 et
560 788 709 847 advitam
732 790 916 861 praesentem
939 805 970 846 se
993 789 1157 861 retorquet,
1189 791 1220 846 et

204 881 247 938 ita
276 879 364 938 homo
395 878 447 936 ille
478 896 536 936 non
568 877 708 951 moritur,
741 875 791 934 sed
821 876 910 935 vivet.
961 874 1020 933 Sed
1050 875 1081 932 in
1115 874 1221 934 dextro

204 968 323 1027 brachio
351 968 456 1042 pulsus
484 985 573 1026 venae
602 965 759 1042 praecipue
787 963 1015 1024 considerandus
1044 967 1103 1039 est,
1138 965 1222 1040 qnod

204 1058 275 1117 haec
294 1057 387 1134 signa,
412 1075 487 1132 quae
509 1056 602 1114 vitam
626 1058 656 1114 et
679 1057 805 1114 mortem
828 1052 1033 1129 praetendunt,
1056 1053 1088 1111 in
1114 1052 1221 1113 dextro

165 1161 192 1206 1⁰
205 1146 324 1205 brachio
348 1145 505 1222 praecipue
527 1143 625 1202 notari
646 1147 779 1219 possunt,
808 1143 950 1219 quoniam
971 1141 1099 1200 maxima
1122 1143 1222 1202 virtus

205 1238 237 1294 in
260 1236 361 1294 dextra
389 1238 434 1293 est
462 1233 580 1308 etipsa
605 1250 720 1308 semper
752 1236 906 1308 operatum
934 1233 965 1290 in
1000 1231 1121 1290 sinistro
1146 1251 1219 1291 vero

206 1325 291 1401 quasi
317 1327 422 1399 torpor
449 1325 494 1381 est
517 1323 599 1381 etin
621 1322 686 1398 ipsa
708 1321 784 1379 nihil
807 1323 957 1396 operatur.
1002 1319 1038 1378 In
1061 1319 1220 1380 inflexione

207 1431 327 1490 quoque
343 1412 439 1471 dextri
454 1410 566 1470 brachii
582 1414 612 1470 et
627 1412 658 1469 in
681 1411 835 1470 inflexione
858 1409 953 1468 dextri
976 1409 1080 1480 cruris,
1104 1410 1219 1470 scilicet

206 1503 260 1562 sub
281 1520 367 1578 genu,
390 1501 495 1577 pulsus
511 1519 601 1561 venae
626 1500 751 1560 discerni
773 1499 917 1559 veraciter
940 1501 1046 1573 potest,
1070 1499 1219 1574 quodibi

167 1605 195 1650 15
209 1590 353 1650 fortitudo
381 1590 492 1648 animae
520 1593 573 1648 est.
618 1586 693 1647 Nam
721 1589 819 1646 anima
838 1588 992 1648 iuncturas
1014 1589 1219 1648 membrorum

210 1682 241 1738 in
275 1681 420 1756 potestate
447 1697 502 1738 sua
528 1678 646 1738 fortiter
672 1681 765 1752 tenet,
798 1680 829 1736 et
860 1695 929 1736 cum
957 1695 1063 1751 corpus
1100 1678 1219 1736 exitura

216 1774 271 1838 est,
295 1769 411 1828 easdem
442 1768 596 1827 iuncturas
629 1767 726 1842 solvit,
761 1767 791 1826 at
815 1765 883 1825 ideo
915 1765 1020 1840 pulsus
1052 1767 1215 1826 eorundem

211 1877 354 1918 venarum
368 1857 512 1934 procellas
529 1857 564 1915 ad
580 1859 707 1914 mortem
721 1856 752 1914 in
768 1873 798 1914 se
814 1854 956 1927 ostendit3
979 1854 1005 1914 si
1026 1872 1097 1914 vero
1123 1856 1222 1914 anima
1312 1853 1313 1858 ’

211 1949 325 2008 exitura
350 1965 409 2006 non
436 1950 489 2021 est,
521 1944 656 2021 quamvis
679 1962 787 2020 corpus
809 1943 937 2004 hominis
959 1943 1090 2002 multum
1113 1943 1221 2019 doleat,

171 2049 199 2094 ao
213 2039 318 2113 pulsus
333 2055 477 2098 venarum
501 2033 659 2093 earundem
681 2034 851 2094 iunctarum
874 2033 994 2110 quietus
1016 2035 1047 2090 et
1069 2034 1223 2092 ordinatus

211 2129 262 2197 est,
286 2125 426 2202 quoniam
448 2123 546 2183 anima
568 2122 605 2180 ad
628 2122 741 2182 exitum
763 2141 793 2182 se
815 2141 874 2182 non
896 2124 1061 2198 praeparat.

213 2255 214 2258 η
278 2214 511 2274 Doctrinarum
533 2212 811 2286 amalficuttocibas.
843 2210 995 2287 Quidquid
1018 2210 1108 2270 homo
1133 2211 1222 2281 bibet,

211 2305 272 2363 sive
308 2303 413 2362 vinum
443 2303 504 2361 sive
538 2301 706 2360 cerevisiam
738 2300 799 2360 sive
829 2300 982 2359 medonem
1014 2300 1075 2359 sive
1107 2318 1223 2376 aquam,

213 2391 364 2469 quaelibet
389 2391 476 2451 urina
503 2390 678 2466 qualitatem
705 2389 767 2449 sive
799 2388 934 2448 sanitatis
962 2405 1014 2448 seu
1041 2387 1222 2448 infirmitatis

175 2493 203 2538 aa
217 2482 360 2555 ostendit,
395 2479 431 2539 de
468 2498 656 2556 quocumque
690 2481 765 2554 potu
798 2479 951 2554 procedat3
978 2496 1031 2536 neo
1058 2479 1147 2536 urina
1168 2479 1223 2536 ista

214 2571 320 2630 melior
341 2571 393 2629 illa
415 2571 466 2644 est,
490 2568 571 2646 quod
594 2587 694 2627 omnes
717 2568 820 2626 urinae
835 2566 871 2626 de
886 2566 966 2626 faece
988 2570 1066 2641 sunt,
1090 2567 1223 2642 quamvis

215 2665 304 2735 potus
326 2660 381 2720 iste
404 2658 563 2735 pretiosior
585 2657 639 2717 illo
662 2658 709 2720 sit.

280 2750 326 2808 Dc
349 2748 491 2809 disserta.
536 2746 633 2806 Homo
661 2749 773 2820 autem,
802 2745 856 2821 qui
877 2745 995 2803 urinam
1016 2744 1145 2804 retinere
1167 2763 1222 2803 non

214 2841 325 2914 potest,
348 2838 394 2896 illi
416 2836 584 2897 stomachus
607 2835 736 2912 frigidus
752 2837 797 2894 ast
811 2837 840 2893 et
862 2834 970 2905 vesica,
994 2836 1024 2892 et
1045 2833 1113 2896 ideo
1136 2838 1223 2908 potus

176 2927 246 2986 acin
273 2927 314 2986 eis
342 2927 377 2985 ad
406 2927 571 3002 perfectum
599 2925 688 3000 coqui
716 2942 775 2982 non
802 2923 926 2999 poterit,
955 2925 985 2981 et
1015 2925 1173 2998 antequam
1195 2923 1223 2981 in

216 3016 256 3075 eis
283 3018 439 3091 coquatur,
474 3017 510 3072 ut
536 3014 637 3089 tepida
665 3033 743 3089 aqua
779 3012 890 3087 effluit,
921 3012 1005 3071 velut
1035 3011 1061 3070 si
1088 3031 1167 3088 aqua
1189 3011 1223 3070 ad

215 3105 313 3181 ignem
329 3108 457 3181 ponatur
473 3103 554 3162 etde
569 3103 622 3162 illo
640 3103 780 3162 calescere
795 3101 946 3176 inceperit,
962 3102 1099 3178 superius
1115 3101 1223 3170 effluat,
1311 3117 1312 3129 ¹

216 3197 372 3270 antequam
387 3193 513 3265 ferveat3
537 3193 615 3251 siout
630 3191 721 3250 etiam
736 3192 767 3250 in
782 3188 947 3249 infantibus
963 3193 1015 3265 est,
1039 3189 1093 3266 qui
1110 3192 1223 3249 urinam

215 3283 341 3343 retinere
369 3301 427 3341 non
454 3285 592 3358 possunt,
616 3281 755 3356 quoniam
778 3297 831 3338 nac
858 3279 1027 3338 stomachus
1054 3298 1108 3338 nee
1131 3279 1224 3340 vesica

177 3383 319 3432 saeorum
341 3373 507 3447 perfectum
530 3371 655 3430 calorem
679 3368 796 3443 habent,
818 3369 868 3428 sed
891 3368 1096 3444 frigiditatem

262 3463 307 3522 Dc
322 3462 472 3535 paralysi.
503 3459 560 3519 Sed
575 3459 601 3518 si
623 3459 711 3517 homo
734 3458 862 3534 frigidus
886 3459 915 3515 et
937 3457 1096 3533 paralysim
1119 3456 1224 3515 habens

220 3553 276 3622 est,
305 3569 374 3610 cum
401 3550 432 3609 in
459 3549 536 3609 lecto
569 3549 600 3607 in
627 3547 799 3606 infirmitate
827 3546 988 3621 decumbit,
1025 3545 1114 3604 huius
1141 3545 1223 3604 urina
