2668 3924
364 181 508 236 CAUSAE
526 181 572 236 ET
591 179 711 236 OURAll
729 182 796 236 LIB.
815 180 864 235 IV.
1064 187 1127 248 193

102 367 223 426 zuccari
257 366 311 440 sit,
348 365 438 424 11111
469 369 499 423 11
529 367 647 423 tantum
678 365 753 436 vini,
788 369 934 442 quantum
972 384 1128 425 succorum

102 458 238 516 istorum
261 457 318 530 est,
351 457 381 513 et
408 454 503 530 ignito
528 454 621 512 calibe
649 453 680 512 in
708 472 785 514 nova
808 455 868 513 olla
890 458 943 514 aut
965 455 997 513 in
1019 456 1129 530 patella

9 593 10 600 ,
106 544 270 622 quinquies
308 543 479 614 calefaciat,
521 545 551 601 et
581 545 741 618 postquam
777 543 928 602 modicum
960 545 1126 614 comederit,

106 635 187 693 illud
222 632 351 692 calidum
383 631 475 693 bibat.
521 631 608 702 Quod
640 633 665 690 si
696 632 727 690 in
755 632 850 690 hieme
882 636 940 701 cst,
976 634 1019 692 ita
1046 635 1127 710 quod

108 723 279 800 praedictas
302 721 408 781 herbas
437 720 545 810 habere
572 740 630 780 non
656 724 768 797 potest,
799 721 901 782 baccas
923 722 1002 780 lauri
1030 728 1060 782 et
1081 723 1154 782 bisc

108 818 232 872 tantum
255 811 291 870 de
315 811 485 886 dictampno
508 811 674 886 pulverizet
696 814 727 869 et
749 813 817 886 post
839 811 988 870 modicum
1016 812 1074 871 cibi
1096 814 1127 870 in

108 901 207 961 calido
239 901 308 960 vino
338 900 434 976 ignito
468 900 560 958 calibe
589 900 729 960 calefacto
756 899 847 959 bibat.
892 900 932 958 Et
959 901 1001 958 sio
1022 901 1127 960 noxius

108 992 197 1066 livor,
221 989 275 1066 qui
297 989 328 1047 in
352 1007 386 1047 co
410 990 565 1060 remansit,
596 1007 664 1048 cum
686 989 774 1047 urina
801 995 831 1049 et
859 989 1021 1066 digestione
1043 1009 1124 1065 ogre-

108 1081 202 1139 ditur.
248 1077 323 1137 Nam
355 1078 387 1136 in
415 1081 525 1136 aestate
553 1079 632 1136 succi
659 1079 711 1137 isti
737 1078 839 1138 haberi
861 1083 994 1154 possunt.
1040 1077 1127 1138 Calor

9 1176 10 1248 Ῑ
107 1170 187 1228 enim
222 1173 254 1226 11
289 1168 386 1244 frigus
421 1167 529 1227 ruthae
552 1185 621 1226 curn
644 1169 740 1226 calore
775 1167 916 1227 absinthii
953 1168 1124 1244 coagulatos
1140 1180 1167 1223 1⁰

105 1259 250 1318 humores
282 1256 355 1315 istos
388 1257 424 1315 ab
455 1257 573 1315 homine
604 1258 723 1332 repellit
754 1260 784 1316 et
813 1258 893 1316 calor
915 1258 1034 1316 auocari
1058 1276 1126 1316 cunr

9 1349 10 1359 ’
108 1349 210 1406 111111
234 1346 330 1404 mellis
353 1345 502 1404 hominem
525 1345 582 1405 hoc
604 1346 692 1404 modo
715 1345 913 1406 infirmantem
939 1349 1050 1406 sanant.
1088 1347 1128 1404 111

106 1456 178 1496 eum
202 1436 282 1494 calor
304 1435 367 1495 vini
396 1453 463 1495 cum
494 1435 600 1494 1111111
635 1436 731 1494 111111
763 1435 866 1520 calibis
893 1439 923 1495 11
950 1455 1018 1495 cunr
1040 1455 1123 1512 prae·

105 1526 197 1585 dictis
221 1525 316 1583 succis
338 1526 535 1600 temperatur,
570 1527 690 1583 etcum
718 1524 790 1584 haee
817 1526 976 1602 quinquies
999 1524 1036 1584 ad
1059 1544 1124 1584 con·

9 1671 10 1680 ,
106 1613 303 1674 tertationem
334 1613 381 1671 sui
413 1613 640 1688 calefaciuntur,
670 1616 739 1688 post
765 1615 915 1674 modicum
948 1614 1059 1690 cibum,
1089 1625 1166 1673 11115

9 1715 10 1750 1
105 1706 197 1763 horno
213 1703 245 1760 in
261 1701 414 1761 debilitate
430 1702 555 1777 deficiet,
578 1707 743 1772 sumantur,
767 1705 797 1761 61
819 1703 897 1762 idem
912 1705 1002 1762 homo
1018 1704 1125 1762 melius

9 1843 10 1850 ,
108 1791 242 1852 habebit.
273 1790 377 1851 Sedet
399 1792 430 1849 in
453 1791 555 1863 hieme,
580 1794 689 1864 (oum)
714 1792 795 1851 succi
817 1791 978 1851 herbarum
999 1793 1123 1852 istarum

106 1881 212 1940 haberi
234 1899 293 1939 non
320 1883 457 1956 possunt,
490 1899 558 1940 eum
587 1881 667 1940 calor
694 1880 850 1940 baccarum
877 1881 957 1939 lauri
988 1885 1019 1940 et
1046 1882 1125 1940 calor

104 1971 270 2046 dictampni
299 1987 367 2028 cum
398 1969 505 2029 iterato
538 1971 633 2028 calore
663 1971 727 2029 vini
754 1973 960 2046 temperantur
995 1974 1025 2029 et
1056 1988 1123 2028 cunr

104 2063 215 2120 1111111
239 2059 336 2118 111111
355 2059 457 2118 calibis
473 2059 685 2134 confortantur,
709 2059 891 2136 praedictam
913 2059 1123 2134 infirmitatem,
1137 2067 1165 2114 20

101 2154 141 2209 ut
163 2149 333 2225 praefatum
356 2152 409 2220 111,
433 2147 469 2207 ab
492 2149 610 2207 homine
634 2148 797 2225 depellunt.

174 2239 220 2297 De
242 2239 393 2297 oculorum
413 2238 549 2312 caliptae.
583 2237 640 2296 Sed
662 2237 760 2314 homo,
784 2239 838 2315 qni
860 2237 896 2296 de
919 2238 1124 2314 superfluitate

102 2327 238 2387 libidinis
261 2327 292 2384 in
316 2327 409 2386 oculis
432 2327 554 2404 caligat,
588 2327 650 2386 sive
673 2329 824 2386 masculus
851 2327 912 2387 siva
939 2327 1049 2385 femina
1077 2327 1123 2402 sit,

103 2417 195 2476 tollat
218 2416 385 2476 cutcculam
408 2416 485 2476 fellis
508 2417 596 2492 piscis
619 2416 713 2492 illius,
746 2417 800 2493 qui
823 2416 935 2476 dicitur
956 2417 1063 2490 welro,
1094 2418 1124 2474 et

104 2507 181 2565 hanc
204 2505 372 2564 euteculam
395 2505 463 2564 felle
487 2504 579 2565 effuso
602 2504 640 2564 ad
663 2507 755 2565 solem
778 2506 910 2580 exsiccet,
934 2509 979 2580 ut,
1002 2505 1028 2562 si
1050 2505 1123 2580 quid
1136 2514 1164 2560 11

102 2596 176 2654 mali
192 2594 326 2654 humoris
349 2595 379 2653 in
395 2595 447 2652 illa
462 2594 610 2670 remansit,
634 2614 687 2671 per
706 2594 914 2654 fortitudinem
930 2593 1037 2653 caloris
1053 2593 1123 2653 solis

106 2683 270 2753 anferatur,
295 2684 377 2760 quod
396 2684 542 2743 fortitudo
559 2684 690 2743 eiusdem
713 2683 800 2742 nimis
823 2684 909 2742 fortis
930 2686 1005 2742 esset
1020 2683 1122 2754 111111,

102 2777 141 2832 nt
164 2791 213 2832 ecs
242 2772 381 2836 11111111,
425 2773 538 2831 Deinde
562 2773 683 2832 eandem
711 2773 878 2831 cuteculam
906 2771 1064 2848 purissimo
1093 2775 1123 2831 ot

103 2863 219 2938 optimo
242 2863 311 2921 vino
339 2862 483 2939 intingat,
513 2866 549 2922 ut
576 2881 629 2938 per
656 2863 834 2922 suavitatem
860 2864 891 2920 et
914 2861 1122 2920 fortitudinem

104 2951 238 3011 eiusdem
269 2949 330 3010 vini
359 2954 544 3027 temperetur
577 2956 607 3010 et
629 2951 833 3027 mollificetur,
866 2955 896 3010 ct
927 2951 963 3008 11
994 2953 1120 3022 noctem,
1135 2960 1163 3006 1ο

103 3061 172 3101 cum
196 3059 226 3100 11
240 3041 272 3098 in
288 3041 399 3099 lectum
416 3041 453 3098 ad
468 3041 689 3117 repausandum
704 3041 798 3116 ponit,
821 3059 886 3100 eam
907 3059 997 3116 super
1020 3040 1121 3100 oculos

103 3148 171 3189 suos
193 3133 286 3205 ponat
309 3133 339 3188 et
362 3129 490 3205 desuper
509 3149 605 3206 panno
621 3130 704 3207 liget,
720 3130 763 3189 ita
778 3132 878 3189 tamen
900 3149 936 3188 ne
958 3128 1121 3188 humiditas

104 3218 237 3279 eiusdem
269 3219 423 3278 auteculaa
455 3220 556 3279 oculos
586 3220 713 3278 interius
745 3222 858 3296 tangat,
891 3238 927 3277 ne
958 3237 1012 3294 per
1039 3218 1121 3277 forti·

104 3307 238 3367 tudinem
260 3308 343 3367 illius
365 3308 530 3370 laedantur.
560 3308 696 3368 11111111
716 3308 843 3368 mediam
865 3310 983 3367 noctem
1006 3308 1122 3366 auferat

102 3416 155 3456 nec
171 3397 287 3457 diutius
301 3398 395 3456 iacere
409 3397 572 3473 permittat,
596 3417 633 3456 ne
648 3397 797 3457 fortitudo
813 3397 878 3456 eius
901 3398 1002 3456 oculos
1024 3400 1117 3457 trans·
1134 3405 1162 3452 35

104 3487 240 3546 verberet
262 3489 292 3545 et
314 3505 351 3544 ne
373 3487 441 3545 illos
464 3488 507 3545 ita
529 3487 635 3546 laedat.
681 3485 716 3544 ln
739 3486 828 3545 tertia
856 3490 956 3544 autem
985 3488 1069 3544 nocte
1092 3489 1122 3544 11

108 3576 139 3634 in
163 3575 268 3652 quinta
291 3594 325 3634 aa
347 3575 378 3633 in
401 3576 527 3651 septima
541 3575 620 3634 idem
635 3575 733 3650 faciet,
757 3593 816 3632 non
833 3576 933 3632 autem
947 3575 978 3632 in
993 3575 1121 3632 secunda

156 3682 315 3742 Hildcgardis
332 3693 421 3728 causae
435 3685 460 3728 11
474 3694 546 3728 curae
561 3683 597 3727 ed.
612 3683 728 3727 Kaisar.
977 3674 1009 3727 13
