2662 3932
373 207 516 263 CAUSAE
535 209 582 262 ET
603 207 723 264 oculu
741 211 807 264 ΗΒ.
827 211 861 264 Π.
1062 214 1125 274 163

112 395 180 454 illac
211 394 374 454 secundum
406 392 574 453 instabilem
602 393 777 469 qualitatem
801 394 929 452 aeris'in
952 394 1128 470 corporibus

111 485 267 544 hominum
304 483 507 559 proiciuntur,
546 485 582 540 ut
619 483 763 558 quaedam
801 482 925 541 flumina
963 486 993 542 et
1029 483 1127 541 undae

112 591 270 654 equarum,
294 592 370 649 quac
393 571 489 630 multa
510 572 576 631 loca
598 571 759 648 devastant,
791 576 821 630 et
843 574 879 630 ut
901 573 1018 650 glacies,
1050 590 1127 648 quae

109 682 160 722 nec
191 663 229 720 ad
253 662 418 737 perfectum
442 661 596 737 congelata
617 660 668 720 sed
691 679 766 737 quac
788 661 903 738 fragilia
931 664 988 720 est:
1016 661 1048 719 hi
1074 680 1125 737 pa·

111 752 211 828 ralysi,
234 750 267 808 id
289 754 334 810 est
355 752 452 828 gutte,
475 749 512 808 ab
535 750 709 810 humoribus
731 751 797 810 istis
819 751 994 828 fatigantur.
1038 750 1079 808 hit
1102 751 1155 810 sis

109 841 200 899 etiam
224 839 384 916 aliquando
408 841 526 898 acutam
549 839 660 898 febrem
683 839 850 914 habuerint,
873 841 916 898 ita
939 839 1127 916 quodetiam

109 949 163 1006 per
187 929 317 1007 gratiam
340 928 387 989 dci
409 929 473 987 vita
496 947 600 988 eorum
622 928 824 1005 protrahetur,
852 931 925 988 tuuc
948 929 1127 1000 multotiens,

109 1022 272 1095 antequam
295 1017 434 1077 sudorem
457 1036 525 1076 cum
549 1018 650 1077 dolore
673 1018 793 1094 eiciant,
822 1022 875 1077 aut
898 1018 935 1077 ad
958 1017 1128 1078 vicesimam

109 1112 163 1166 aut
197 1107 235 1166 ad
265 1107 445 1166 tricesimam
466 1107 514 1166 vel
545 1126 580 1166 eo
608 1107 737 1183 amplius
764 1108 842 1167 diem
870 1109 902 1166 in
930 1108 1032 1166 dolore
1053 1107 1128 1165 iace·

109 1198 195 1267 bunt,
229 1195 310 1273 quod
343 1195 433 1254 etiem
460 1197 545 1271 prius
568 1198 738 1273 frequenter
760 1197 872 1258 debiles
896 1200 926 1257 et
947 1197 1057 1255 infirmi
1079 1196 1126 1254 fu·
1142 1203 1170 1246 10

109 1291 191 1349 runt.
240 1283 315 1344 Oum
345 1285 423 1344 enim
451 1285 559 1362 aliquis
581 1285 670 1345 homo
694 1286 733 1344 de
755 1287 907 1347 laboribus
930 1292 961 1346 et
983 1285 1128 1363 angustiis

110 1394 144 1434 ac
177 1375 215 1434 de
247 1373 371 1433 diversis
403 1373 597 1450 qualitatibus
633 1374 767 1434 ciborum
798 1379 828 1435 et
857 1381 986 1452 potuum
1024 1374 1128 1448 <infir-

110 1467 250 1539 matur),
273 1463 317 1522 ita
332 1463 412 1539 qnod
428 1464 517 1522 etiam
534 1463 570 1522 de
593 1464 717 1524 diversis
734 1465 932 1541 qualitatibus
948 1465 1084 1524 ciborum
1099 1467 1130 1524 et

111 1556 242 1629 potuum
258 1551 366 1612 diversi
388 1552 527 1612 humores
551 1558 581 1612 et
595 1553 703 1613 livores
717 1553 750 1612 in
770 1573 804 1614 ec
820 1555 1032 1626 coadunantur,
1056 1558 1130 1613 tunc

112 1642 212 1701 anima
239 1642 270 1700 in
294 1659 327 1700 eo
357 1641 404 1701 his
434 1642 659 1702 diversitatibus
692 1648 832 1720 quassata
862 1648 893 1704 ct
914 1645 1043 1719 fatigata
1065 1648 1173 1702 suc-15

4 1735 5 1746 ¹
112 1731 237 1808 cumbit,
259 1731 302 1790 ita
325 1731 405 1820 quod
428 1732 534 1791 vitales
557 1736 658 1792 motus
681 1751 752 1792 suos
768 1733 955 1810 aliquantum
972 1733 1131 1796 subtrabit.

179 1821 225 1878 De
246 1820 379 1892 febribus
402 1825 429 1880 et
451 1822 566 1880 creticis
589 1822 701 1881 diebus.
741 1821 781 1881 Et
804 1823 846 1882 sic
868 1823 967 1882 nocivi
982 1821 1131 1896 humores,

111 1911 165 1985 qui
188 1909 221 1968 in
244 1908 362 1968 homine
392 1914 474 1985 sunt,
503 1913 731 1970 commoventur
761 1916 792 1970 et
821 1912 918 1971 febres
952 1913 1130 1985 accrescunt,

111 1999 183 2074 quie
214 1998 311 2056 anima
337 2000 443 2059 vitales
466 2002 565 2059 motus
589 2018 659 2059 suos
686 2001 842 2061 contraxit.
891 2001 975 2060 Tunc
1007 2002 1038 2059 et
1069 2016 1131 2057 san·

113 2088 182 2165 gnis
205 2087 236 2145 in
262 2087 381 2147 homine
408 2089 549 2149 decrescit
577 2092 667 2165 atque
700 2090 814 2149 viscera
840 2093 871 2150 et
902 2091 960 2150 alia
987 2089 1174 2148 inunctam

113 2177 178 2236 cius
202 2179 346 2236 arescunt.
377 2178 417 2236 Et
439 2178 532 2249 calor,
557 2179 610 2253 qui
632 2178 664 2236 in
688 2179 783 2239 iecore
805 2182 889 2239 etin
911 2178 1036 2256 reliquis
1058 2178 1132 2237 inte·

114 2267 246 2348 rioribus
269 2285 330 2326 esse
353 2266 458 2326 debuit
480 2267 518 2326 ad
540 2267 642 2343 vitam,
666 2268 705 2326 cd
729 2269 906 2329 exteriorem
922 2271 1021 2329 cutem
1037 2285 1132 2328 asceu-

112 2355 166 2431 dit,
190 2358 221 2414 et
243 2355 340 2432 frigus
367 2356 493 2416 interius
521 2356 550 2414 in
576 2357 695 2416 homine
728 2364 882 2434 permanet
913 2359 1047 2418 interius.
1093 2357 1134 2415 Et

113 2445 155 2504 sic
178 2444 277 2504 anima
298 2445 373 2504 iacet
397 2464 536 2522 oppressa
563 2446 594 2505 in
622 2465 745 2522 corpore
779 2454 947 2525 exspectans
974 2448 1005 2504 in
1033 2445 1132 2518 dnbio,

112 2536 218 2593 utrum
241 2534 358 2593 exitura
380 2537 421 2594 sit
443 2553 551 2611 corpus
575 2555 612 2594 an
640 2537 672 2593 in
707 2555 741 2596 eo
776 2555 978 2613 permansura,
1014 2539 1045 2593 et
1077 2535 1133 2594 hoc
1146 2541 1175 2586 25

112 2623 284 2698 saepissime
306 2642 402 2700 nsque
425 2624 462 2683 ad
485 2628 598 2699 septem
622 2624 684 2684 dies
714 2626 793 2702 facit,
817 2627 958 2702 quoniam
978 2624 1014 2682 de
1029 2622 1134 2684 humo·

112 2711 196 2771 ribus
225 2717 256 2770 et
278 2712 424 2773 livoribus
454 2713 515 2772 illis
538 2732 569 2772 se
591 2715 725 2774 nondum
749 2719 890 2774 excutere
911 2714 1021 2791 potuit.
1052 2711 1133 2782 Quae

112 2800 187 2860 dnm
221 2803 360 2875 senserit,
397 2804 479 2878 quod
512 2807 702 2878 tempestates
735 2805 895 2864 humorum
927 2803 1050 2861 illorum
1081 2821 1134 2878 per

112 2890 242 2968 gratiam
271 2892 319 2950 dei
346 2893 534 2968 aliquantum
566 2911 678 2952 cessare
702 2893 859 2970 incipiunt,
887 2897 959 2952 tunc
981 2892 1133 2970 intelligit,

113 2979 196 3055 quod
218 2997 249 3039 se
272 2980 404 3056 deipsis
427 2984 564 3041 excutere
587 2983 698 3058 potest,
733 2987 764 3043 et
785 2984 829 3042 ite
851 2983 929 3045 eires
952 2999 1020 3042 snas
1043 2981 1080 3040 ad
1103 2999 1133 3040 se
1147 2989 1175 3034 3⁰

112 3069 232 3146 colligit
262 3073 353 3146 atque
375 3069 513 3130 humores
543 3073 574 3130 et
595 3072 703 3132 livores
732 3073 800 3132 illos
825 3073 861 3131 de
884 3071 987 3131 eodem
1010 3089 1133 3146 corpore

111 3177 168 3233 per
189 3158 328 3218 sudorem
351 3160 480 3235 expellit.
525 3161 565 3219 ut
586 3161 628 3220 sic
651 3161 742 3221 homo
765 3163 817 3220 ille
840 3163 997 3221 sanitatem
1017 3160 1133 3235 recipit.

112 3247 289 3308 Multotieus
304 3251 404 3308 antem
419 3249 573 3327 contingit,
596 3250 678 3325 quod
704 3252 803 3309 anima
825 3270 896 3328 prae
918 3250 1008 3309 nimio
1030 3249 1134 3309 ardore

113 3341 145 3396 et
176 3335 289 3412 frigore
320 3339 482 3398 eorundem
512 3338 673 3398 humorum
705 3357 754 3399 eos
783 3359 853 3400 cum
875 3339 983 3399 sudore
1006 3338 1135 3414 pleniter

112 3425 258 3502 expellere
280 3445 340 3485 non
362 3431 467 3503 potest,
490 3433 522 3487 et
542 3428 584 3487 sic
607 3429 697 3488 etiam
720 3433 774 3487 aut
795 3427 911 3488 laetitia
934 3433 986 3487 aut
1009 3426 1176 3487 tristitiact

113 3519 168 3575 aut
189 3515 236 3574 ira
257 3519 311 3574 aut
333 3516 480 3593 angustiis
501 3516 630 3576 hominis
657 3517 740 3576 illius
764 3536 832 3577 cnm
859 3518 966 3576 timore
994 3531 1134 3576 concussa

114 3623 144 3664 se
166 3603 318 3664 subtrahit
340 3606 503 3664 etiterum
525 3605 569 3665 ita
591 3606 622 3665 in
644 3605 769 3665 silentio
792 3610 892 3664 menet
920 3609 950 3664 et
973 3604 1134 3682 aliquando

972 3707 1026 3760 11*
