2662 3932
368 181 510 238 CAUSAE
528 181 575 238 ΕΤ
595 183 717 238 cusis
736 183 803 238 ms.
822 184 857 237 Il.
1056 190 1116 250 161

170 369 215 429 Dc
238 369 331 442 lepra.
373 365 431 426 Sed
455 371 485 428 et
507 367 558 426 elii
578 366 711 428 homines
735 371 805 427 sunt
819 369 944 443 spissam
966 371 1121 430 materiem

90 456 199 520 cernis
223 457 356 534 corporis
379 455 532 533 habentes,
557 455 609 533 qui
631 456 768 516 iracundi
791 461 874 534 sunt,
896 462 926 518 et
948 459 993 519 ire
1016 478 1120 520 eorum

93 552 275 609 commovet
297 545 480 624 sanguinem,
504 547 557 624 qui
580 546 611 604 in
626 547 699 622 ipsis
715 549 766 622 est,
790 547 834 605 its
849 547 931 624 quod
946 549 1024 608 ciros
1037 549 1120 609 ieour

90 657 207 699 eorum
236 635 324 707 cadit,
357 640 387 696 et
418 636 530 695 duritia
562 654 595 694 ec
624 635 745 711 sanguis
768 636 900 695 eiusdem
921 637 1028 698 iecoris
1049 638 1120 698 huio

90 726 244 805 sangnini
275 743 306 785 se
337 725 513 800 commiscet,
545 744 578 784 eo
601 724 643 784 sic
665 743 718 800 per
740 727 841 784 totum
863 744 970 802 corpus
993 727 1146 788 hominiss

91 837 128 879 se
156 814 299 876 diffundit
323 818 353 874 et
377 833 494 874 oernem
516 833 550 874 eo
573 817 672 874 cutem
694 813 757 873 eius
780 814 944 891 confundit,
972 816 1015 874 ito
1039 816 1119 893 quod

90 906 179 966 ontis
211 903 294 963 illius
325 903 473 964 scinditur
505 907 535 962 et
568 902 648 980 quod
682 921 767 962 neree
794 903 858 963 eius
881 908 1068 982 grossescunt
1090 909 1121 964 ot

91 993 262 1056 scindendo
295 994 506 1055 intumescunt.
545 991 623 1052 Sunt
650 995 680 1051 et
703 992 759 1062 ‚elii
782 993 904 1068 quidem
926 992 1060 1054 homines
1083 992 1119 1052 de

92 1083 227 1144 libidine
250 1082 472 1153 incontinentes
503 1082 547 1140 its
578 1081 661 1158 quod
692 1101 745 1142 nec
776 1083 989 1142 continentiam
1012 1081 1120 1143 hebent

94 1191 155 1233 nec
178 1190 245 1232 eom
267 1171 375 1232 hebere
398 1174 555 1247 quaerunt,
585 1170 664 1230 unde
697 1171 818 1249 sanguis
850 1191 954 1232 eorum
981 1190 1067 1248 scope
1089 1176 1120 1232 et
1133 1181 1161 1228 ιο

94 1261 269 1322 inordinate
294 1260 477 1332 concutitur,
511 1259 595 1320 velut
618 1260 677 1319 olle
709 1260 746 1319 ed
777 1261 878 1338 ignem
900 1261 1013 1338 posits,
1044 1280 1119 1338 quse

95 1370 156 1412 nec
187 1369 224 1409 ox
255 1352 320 1409 toto
352 1349 447 1409 fervet
470 1367 523 1408 neo
550 1367 584 1408 ex
606 1351 671 1408 toto
695 1350 807 1426 frigida
829 1355 882 1426 est,
905 1353 936 1410 et
957 1351 999 1411 sio
1021 1351 1120 1411 sordes

95 1441 131 1500 in
155 1458 188 1500 se
212 1439 330 1513 retinet,
355 1438 426 1515 quia
448 1441 548 1498 tentus
563 1437 642 1498 vires
657 1439 689 1496 in
711 1457 741 1498 se
763 1459 823 1500 non
845 1439 943 1514 habet,
967 1440 1049 1517 quod
1072 1459 1120 1500 ees

94 1530 198 1590 eiciet.
236 1528 277 1588 ut
308 1546 377 1588 oum
408 1528 540 1588 homines
569 1527 620 1587 isti
642 1527 684 1588 sio
716 1529 747 1588 in
777 1528 900 1588 libidine
932 1530 1045 1602 ardent,
1076 1531 1120 1590 ita

98 1618 187 1696 quod
209 1616 331 1695 sanguis
355 1636 460 1677 eorum
482 1617 656 1694 frequenter
678 1617 1048 1694 inordinate'ooncutitur,
1075 1620 1120 1678 its
1133 1627 1160 1674 15

96 1707 187 1785 quod
224 1724 277 1765 neo
310 1710 409 1766 rectus
440 1707 560 1784 sanguis
592 1713 636 1766 est
669 1725 723 1766 nec
756 1709 836 1766 recte
867 1727 944 1782 eque
965 1727 1018 1767 neo
1040 1710 1121 1768 recte

95 1815 216 1874 spuma,
239 1799 312 1856 tunc
335 1797 374 1854 in
389 1815 516 1872 pravum
538 1795 663 1856 livorem
685 1799 717 1856 et
738 1795 768 1854 in
796 1795 895 1855 tabem
924 1797 1061 1868 vortitur,
1090 1801 1120 1856 et

96 1888 143 1946 sic
182 1903 300 1944 comem
337 1888 367 1945 et
404 1888 502 1945 cutem
538 1884 665 1945 hominis
698 1885 863 1961 corrumpit
897 1888 928 1944 et
958 1885 989 1944 in
1020 1885 1120 1945 ulcere

97 1975 219 2038 evertit.

169 2063 217 2124 Dc
247 2063 347 2136 leprae
373 2064 479 2138 sipoto.
531 2063 723 2124 infirmitates
755 2065 855 2122 sutem
884 2063 957 2123 istoc
988 2064 1030 2122 sic
1064 2063 1119 2124 dis·
1133 2072 1161 2118 eo

99 2155 275 2216 cernuntur.
320 2150 425 2226 Iaoprn,
453 2171 529 2229 queo
552 2172 587 2212 ex
609 2153 682 2230 gulo
704 2157 735 2212 et
757 2152 899 2212 ebrietate
929 2154 982 2228 est,
1012 2151 1119 2213 rubeos

98 2245 235 2302 tumores
259 2243 290 2300 et
311 2240 418 2302 rubeas
441 2240 629 2301 ebullitiones
652 2242 764 2301 emittit
786 2241 895 2301 similes
910 2241 1119 2320 dragunculoe.

97 2333 140 2392 Et
164 2349 240 2408 quse
264 2329 300 2390 de
328 2330 424 2390 iecore
455 2333 508 2407 est,
538 2330 692 2392 scissiones
726 2333 756 2390 et
789 2330 956 2409 nigredines
988 2331 1020 2390 in
1051 2335 1119 2392 cute

101 2425 133 2480 et
155 2419 187 2478 in
210 2438 297 2479 came
318 2418 445 2480 hominis
468 2419 540 2480 fecit
562 2419 599 2478 sd
622 2438 696 2481 osse.
741 2418 798 2479 Sed
831 2439 907 2496 quse
935 2419 971 2479 de
998 2420 1120 2480 libidine

100 2514 161 2585 ost,
183 2509 259 2568 letes
281 2509 450 2584 superficies
473 2509 608 2568 ulcerum
630 2512 724 2585 parat,
747 2509 831 2568 velut
853 2509 988 2585 cortices,
1012 2513 1042 2569 ot
1063 2509 1119 2568 sub
1133 2519 1161 2563 ss

101 2599 145 2658 eis
160 2616 279 2658 carnem
294 2597 426 2661 rubeam.
462 2598 502 2658 st
518 2597 593 2658 duee
609 2598 721 2674 priores
737 2597 857 2658 difficile
873 2597 970 2656 senari
985 2602 1118 2673 possunt,

99 2687 191 2748 tertio
212 2705 283 2746 vero
306 2686 392 2746 focile
414 2687 595 2747 emendetur.

169 2777 217 2836 De
237 2780 330 2851 putem
374 2775 533 2852 Homines,
565 2777 617 2853 qui
645 2776 748 2835 molles
778 2779 809 2834 et
831 2776 995 2851 perforatas
1019 2795 1119 2836 cernes

102 2866 214 2926 hubent
243 2869 273 2925 et
307 2865 381 2925 forti
413 2866 481 2926 vino
512 2866 543 2924 in
566 2865 724 2942 superfluis
746 2864 949 2942 potationibus
971 2866 1119 2941 insudant,

104 2973 192 3031 seepe
215 2954 252 3014 de
274 2957 365 3030 peste,
405 2973 481 3031 quse
505 2954 615 3015 dicitnr
649 2956 745 3032 gutte,
780 2955 999 3019 concutiuntur.
1044 2953 1119 3014 Nem
1132 2964 1160 3009 so

104 3045 158 3121 qui
180 3044 283 3103 molles
306 3061 407 3104 carnee
428 3043 546 3120 hebent,
570 3043 606 3103 de
629 3035 728 3103 nimiis
750 3043 951 3120 potationibus
974 3044 1046 3104 meli
1062 3044 1119 3105 hu·
1191 3071 1195 3082 ·

104 3151 209 3208 mores,
243 3133 296 3208 qui
322 3133 354 3192 in
383 3132 423 3192 eis
450 3137 528 3210 sunt,
559 3133 591 3191 in
619 3132 739 3210 aliquod
762 3133 927 3193 membrum
950 3152 1054 3194 eorum
1076 3153 1118 3193 re·

104 3225 193 3299 pente
208 3221 319 3280 cedunt
342 3225 372 3281 et
385 3221 462 3281 illud
477 3222 631 3298 dissipent,
654 3222 739 3283 velut
760 3222 857 3299 ignite
871 3222 968 3282 iscula
991 3225 1022 3281 et
1036 3222 1119 3282 volut

104 3329 229 3390 magnae
244 3314 275 3370 et
289 3311 459 3387 repentinae
473 3311 685 3384 inundationes,
703 3330 779 3387 quae
790 3311 940 3370 interdum
951 3311 1119 3371 molendina

104 3400 215 3460 etalio
241 3400 386 3475 quaedem
413 3400 469 3460 sibi
495 3401 629 3475 proxima
658 3399 791 3460 aedificis
823 3400 972 3476 dissipent.
1018 3398 1067 3459 Sic
1090 3403 1159 3460 etse

105 3489 154 3550 isti
176 3488 315 3548 humores
330 3489 463 3570 membre
478 3489 538 3562 ille,
562 3508 651 3565 super
666 3508 741 3564 quse
756 3488 874 3564 cedunt,
906 3488 1118 3564 dirumperent,

105 3579 131 3638 si
151 3596 203 3638 eos
225 3596 279 3638 nec
300 3577 398 3656 gretie
420 3577 468 3638 dei
490 3597 543 3638 neo
566 3578 665 3638 vitulis
688 3578 819 3653 spiritus,
852 3577 905 3653 qui
939 3577 969 3635 in
1000 3576 1118 3636 homine

158 3684 314 3741 mnemon
328 3697 416 3731 musae
430 3689 455 3731 et
469 3697 542 3732 curse
556 3685 595 3729 ed.
608 3685 725 3730 Ksiser.
979 3679 1010 3730 ll
