2662 3932
367 204 509 261 cAUSAn
527 205 574 260 ΕΤ
592 205 714 261 OURAE
732 206 799 263 LlB.
819 207 856 261 ΙΙ.
1059 211 1121 272 111

158 390 250 450 Item
270 390 305 450 de
325 393 463 463 conceptu
483 394 510 449 et
528 385 609 450 lecte.
655 387 819 466 Conceptus
835 393 935 450 autem
950 391 981 450 in
997 391 1124 450 muliere

83 481 256 537 menstrua
278 478 334 538 sibi
357 478 491 551 attrahit,
514 479 557 538 ite
580 478 662 555 quod
683 478 776 538 rivuli
798 479 852 550 illi,
886 480 936 557 qui
961 481 998 540 ab
1021 480 1123 540 eadem

82 567 227 626 muliare
254 567 339 643 prius
367 567 577 640 educebantur,
612 566 650 626 ad
681 567 806 626 eundem
842 573 1018 644 conceptum
1050 572 1123 629 tuno

82 661 264 718 transeunt.
302 655 361 727 Qui
383 675 452 716 eum
474 657 506 715 in
529 675 646 716 earnem
669 657 752 717 etin
774 675 840 716 osse
861 658 986 717 formari
1009 659 1121 734 incipit,

83 745 132 803 ita
159 745 364 822 quodetiam
399 745 524 804 avitali
558 746 668 822 spiritu
701 749 816 806 motum
849 747 964 822 accipit,
997 748 1150 807 venulae5

82 835 172 906 illae,
210 852 286 911 quae
312 835 349 894 ad
372 833 465 893 ubera
488 835 656 906 ascendunt,
689 835 726 894 de
756 835 842 894 viteli
874 839 965 894 motu
992 836 1122 896 eiusdem

84 927 260 1000 conceptus
283 927 314 982 et
336 923 373 982 de
395 924 509 982 virtute
532 925 746 984 elementorum
768 941 799 984 se
822 924 960 1000 aperiunt
983 927 1013 983 et
1042 925 1121 985 deim

86 1031 163 1088 ceps
190 1013 229 1072 de
252 1030 340 1072 succo
364 1012 499 1072 ciborum
522 1017 552 1072 et
573 1016 710 1089 potuum,
735 1013 844 1089 quibus
866 1031 973 1088 corpus
988 1013 1122 1073 mulieris

84 1102 244 1176 nutritur,
275 1101 322 1160 lac
344 1101 381 1160 ad
403 1101 496 1161 ubera
527 1103 639 1164 ferunt.
682 1103 723 1160 Et
751 1103 797 1162 lac
829 1101 992 1162 albedinem
1022 1102 1119 1176 habet,

87 1190 167 1266 quia
194 1209 265 1250 oum
285 1189 368 1250 cibus
392 1194 423 1249 et
441 1194 530 1266 potus
546 1191 684 1268 sumitur,
706 1191 738 1249 in
753 1194 933 1268 praegnante
948 1191 1073 1251 muliere
1088 1192 1119 1250 in
1133 1197 1163 1244 10

88 1280 173 1338 duas
201 1282 302 1356 partes
325 1297 355 1338 se
378 1279 493 1352 dividit,
517 1280 560 1338 ita
582 1280 663 1356 quod
687 1281 781 1340 altera
802 1299 871 1356 pars
894 1299 929 1340 ex
952 1299 987 1340 eo
1002 1281 1120 1357 supple·

86 1371 236 1428 mentum
258 1368 376 1427 matrici
398 1368 520 1441 tribuit,
543 1369 637 1428 altera
658 1369 729 1428 lacti
751 1371 782 1427 in
805 1369 948 1429 uberibus
971 1370 1118 1430 subvenit.

87 1457 141 1517 Sic
166 1458 260 1517 etiam
284 1457 404 1534 sanguis
427 1457 458 1516 in
481 1457 597 1517 duabus
619 1459 735 1518 naturis
758 1459 881 1535 exsistit,
905 1459 1018 1519 seilicet
1040 1459 1121 1536 quod

87 1546 195 1619 rubet,
221 1564 289 1606 cum
310 1546 342 1604 in
365 1546 466 1623 quiete
489 1549 541 1622 est,
565 1550 596 1606 et
618 1547 700 1624 quod
722 1547 888 1607 albedinem
910 1548 1028 1624 emittit,
1053 1567 1120 1608 cum

75 1636 122 1694 'in
149 1635 362 1696 commixtione
395 1636 484 1695 maris
514 1639 544 1696 et
575 1636 701 1696 feminae
731 1639 877 1698 movetur.
922 1635 995 1696 Nam
1027 1642 1056 1697 et
1084 1637 1163 1697 de1⁵

91 1724 163 1784 oibo
188 1724 332 1784 sumenti
355 1727 385 1784 et
408 1724 443 1784 de
467 1726 532 1785 aliis
554 1726 645 1785 coctis
674 1725 745 1785 cibis
772 1725 818 1785 lec
846 1725 1010 1784 albedinem
1033 1727 1120 1803 capit,

93 1815 171 1890 quia
194 1813 382 1873 frumentum
405 1814 503 1880 albam
525 1814 651 1873 farinam
671 1813 762 1873 hebet
776 1818 806 1873 et
821 1815 911 1887 cibus,
928 1814 1000 1873 dum
1016 1816 1119 1890 coqui·

89 1906 156 1975 tur,
182 1902 281 1962 albam
304 1921 441 1978 spumam
464 1903 546 1977 eicit3
574 1904 617 1963 ite
645 1904 734 1962 etiem
757 1903 840 1962 cibus
864 1906 894 1962 et
920 1906 1010 1979 potus
1036 1922 1120 1980 prae-

92 1993 219 2068 gnantis
251 1992 386 2050 mulieris
415 1993 500 2051 velut
530 1993 627 2052 elbam
654 2011 790 2068 spumam
812 2011 866 2068 per
888 2010 1010 2052 succum
1032 2011 1120 2052 suum

92 2081 131 2140 ad
156 2081 252 2140 ubera
273 2081 356 2139 illius
378 2081 564 2145 transmittit.
602 2082 766 2158 Postquam
789 2085 890 2140 autem
912 2081 1007 2141 infans
1029 2091 1117 2141 natus
1130 2085 1162 2132 2⁰

93 2169 200 2246 tuerit,
229 2173 259 2228 et
280 2173 440 2246 postquam
462 2170 570 2230 mulier
592 2172 750 2248 purgatur,
782 2171 906 2230 venulae
933 2171 1010 2246 illae,
1043 2190 1119 2246 quae

94 2259 133 2318 ad
159 2258 316 2318 matricem
340 2259 529 2335 descendunt,
553 2258 770 2319 contrahuntur
786 2263 817 2320 et
830 2259 952 2319 interim
966 2263 1120 2320 menstrua

94 2348 241 2420 educunt,
254 2347 326 2406 dum
340 2349 465 2408 venulae
481 2349 557 2420 illae,
575 2368 650 2426 quae
666 2348 703 2408 ad
716 2348 808 2408 ubera
819 2349 988 2426 ascendunt,
999 2349 1032 2408 in
1043 2350 1119 2408 lacte

94 2441 218 2514 apertae
233 2441 311 2498 sunt.
336 2436 423 2508 Quod
439 2441 539 2496 autem
554 2438 600 2498 leo
615 2439 646 2496 in
662 2437 806 2497 uberibus
821 2437 981 2514 habundat,
997 2439 1118 2497 interim

96 2526 172 2585 dum
186 2526 282 2586 infans
294 2526 384 2604 sugit,
396 2525 453 2586 hoc
463 2527 529 2587 ideo
545 2534 598 2600 est,
625 2527 748 2603 (quod)
773 2545 841 2586 cum
852 2526 949 2586 infans
959 2527 1050 2604 sugit,
1065 2545 1119 2603 per
1131 2533 1161 2579 ‘25
1180 2569 1181 2573 ,
1269 2503 1274 2512 ’

97 2616 267 2690 praedictae
289 2616 411 2676 venulas
433 2617 479 2674 lac
502 2616 635 2694 sugendo
659 2616 697 2675 ad
719 2616 813 2675 ubere
830 2615 925 2675 trahit
940 2620 970 2675 et
985 2616 1118 2693 sugendo

98 2722 217 2781 semper
239 2703 355 2763 aditum
377 2705 598 2782 praedictarum
629 2705 806 2765 venulamm
823 2705 867 2764 ”ad
895 2704 987 2764 ubera
1013 2705 1118 2780 aperit.

164 2794 209 2854 Dc
231 2795 403 2855 construes.
448 2792 507 2864 Qui
535 2797 694 2871 postquam
722 2812 828 2872 sugere
856 2794 981 2870 desistit,
1012 2795 1058 2853 lac
1086 2795 1118 2853 in

95 2883 223 2942 muliere
246 2883 345 2943 deficit
367 2886 397 2942 et
419 2883 573 2955 evanescit,
596 2887 627 2943 et
650 2883 693 2942 ite
714 2883 846 2954 venulae,
870 2901 946 2959 quae
962 2884 1000 2942 ad
1014 2883 1117 2942 matri·

97 2990 161 3032 cem
183 2972 319 3050 tendunt,
341 2971 453 3030 iterum
475 2973 653 3048 aperiuntur
676 2974 707 3031 et
727 2972 842 3032 rivulos
864 2990 932 3031 snos
955 2972 1117 3032 secundum
1130 2977 1159 3024 30

96 3066 234 3136 tempora
255 3078 310 3120 sua
337 3060 477 3122 educunt.
522 3060 579 3121 seo
611 3061 683 3120 dum
710 3061 819 3120 mulier
846 3062 989 3120 infantem
1016 3061 1116 3137 lactet,

97 3150 123 3208 si
144 3149 265 3210 interim
288 3150 426 3226 concipit,
449 3149 546 3210 adhuc
569 3150 679 3227 absque
702 3151 836 3226 periculo
859 3151 982 3210 infantis
1006 3152 1117 3210 lactare

97 3243 205 3315 potest,
228 3257 326 3316 usque
349 3239 422 3298 dum
445 3242 602 3316 conceptus
623 3240 656 3298 in
679 3258 796 3299 earnem
820 3243 851 3298 et
872 3239 903 3298 in
926 3258 991 3300 ossa
1004 3240 1036 3298 in
1050 3240 1116 3315 ipsa

97 3328 258 3401 formatum
292 3332 322 3388 et
354 3332 428 3388 tuno
461 3328 605 3390 infantem
635 3329 746 3388 lactare
770 3328 901 3404 desistat,
936 3329 1008 3404 quie
1030 3328 1114 3388 forti-

98 3417 171 3478 tudo
195 3420 226 3477 et
240 3417 350 3478 sanitas
373 3418 457 3477 laetis
473 3417 511 3477 ed
526 3421 702 3494 conceptum
717 3437 771 3494 per
785 3420 937 3477 menstrua
953 3416 1112 3487 descendit,
1127 3423 1155 3468 ³5

98 3507 141 3565 ita
163 3505 245 3584 quod
267 3505 313 3566 lec
336 3507 372 3566 ab
399 3506 540 3566 uberibus
563 3506 694 3566 eiusdem
716 3507 851 3566 mulieris
874 3506 970 3583 magis
992 3506 1118 3566 livorem

100 3614 187 3673 qnam
211 3595 367 3656 sanitatem
390 3595 524 3672 deinceps
547 3595 669 3656 emittit.
