2662 3932
364 170 504 225 CAUSAE
523 170 569 224 ΕΤ
589 172 711 226 CURAE
729 171 797 226 ΠΒ.
816 171 849 224 Π.
1050 179 1113 235 133

89 375 162 414 nem
195 355 389 416 excreationis
419 372 547 426 morere.
593 355 651 426 Qui
683 357 760 414 enim
790 356 821 412 in
850 357 987 432 flegmate
1014 375 1115 432 super·

88 445 272 504 habundant
295 450 325 502 et
346 444 453 520 flegma
475 462 533 502 non
556 445 673 520 eiciunt,
696 445 819 502 infirmis
843 448 873 503 et
893 445 1038 505 debilibus
1054 465 1114 505 car·

96 534 189 592 nibus
212 552 243 592 se
267 537 398 607 onerant,
423 540 453 590 et
474 533 539 592 ideo
563 535 627 593 sani
649 553 707 593 non
730 537 800 592 sunt
821 553 874 592 nec
896 537 959 593 sani
975 553 1035 594 esse
1050 553 1115 610 pos·

96 627 180 684 sunt.
212 621 271 692 Qui
287 627 385 680 autem
400 623 432 679 in
447 623 584 698 flegmate
599 623 868 699 superhabundant,
880 625 910 696 ,si
924 624 1031 700 flegma
1046 625 1113 683 eici·

93 717 161 786 unt,
197 711 384 786 aliquantum
406 710 558 770 macilenti
581 717 610 772 et
633 713 695 771 sani
717 713 749 770 in
772 731 894 788 corpore
916 712 1000 788 fiunt,
1034 713 1143 788 quode

94 801 199 862 sordes
222 801 289 858 illas
311 800 342 858 in
366 819 396 858 se
413 818 472 858 non
489 802 624 860 retinent.
663 801 719 860 Sed
743 803 796 878 qui
810 802 917 879 flegma
932 822 990 861 non
1006 803 1116 861 eiciunt

94 896 129 950 et
151 889 220 948 inde
242 889 445 947 infirmitatem
466 891 651 966 contrahunt,
675 894 711 949 ut
726 891 893 966 praefatum
914 894 966 962 est,
989 892 1116 967 potioni·

93 982 155 1040 bus
179 982 306 1037 utantur
329 983 358 1036 et
380 997 433 1051 per
456 997 504 1037 aas
527 984 705 1056 purgentur.

168 1069 214 1127 Dc
236 1068 458 1128 sternutatione.
504 1067 579 1126 (lum
606 1070 725 1146 sanguis
747 1069 875 1128 hominis
897 1071 928 1128 in
950 1069 1031 1129 venis
1055 1069 1116 1128 suis

93 1158 228 1234 vigilans
251 1160 280 1215 et
302 1157 387 1215 velox
409 1162 536 1228 nonest,
560 1158 610 1216 sed
634 1177 702 1217 cum
724 1159 800 1217 iacet
821 1160 905 1219 velat
928 1158 1062 1234 dormiat,
1087 1162 1117 1218 et
1130 1171 1159 1216 10

93 1265 165 1306 cnm
187 1245 328 1304 humores
350 1245 382 1302 in
405 1264 438 1304 eo
455 1246 566 1306 veloces
589 1265 647 1305 non
671 1253 741 1306 sunt
757 1249 807 1306 sed
822 1248 925 1322 tepidi,
949 1248 1047 1306 anima
1061 1248 1118 1306 hoc

93 1337 225 1396 sentiens
256 1353 291 1392 ex
321 1338 429 1392 natura
460 1353 514 1393 sua
544 1339 644 1394 totum
668 1355 775 1410 corpus
797 1356 850 1411 per
872 1337 1118 1396 sternutationem

94 1425 230 1485 concutit
253 1427 282 1482 et
304 1424 478 1499 sanguinem
502 1443 535 1482 ac
561 1426 700 1484 humores
723 1425 851 1485 hominis
865 1427 976 1486 iterum
992 1427 1029 1484 ad
1045 1427 1120 1504 vigi-

92 1516 221 1574 lantiam
256 1517 286 1571 et
319 1513 356 1570 ad
390 1515 501 1571 statum
538 1533 626 1573 suum
648 1515 746 1573 redire
768 1516 851 1578 facit.
895 1515 970 1574 Nam
993 1516 1018 1574 si
1041 1535 1119 1592 aqua

91 1623 149 1680 per
172 1603 317 1678 procellas
343 1605 374 1660 et
394 1621 448 1676 per
470 1603 675 1662 inundationes
703 1624 762 1663 non
789 1610 968 1681 moveretur,
1000 1608 1118 1681 putres·
1132 1617 1159 1662 15
1270 1611 1273 1616 “

96 1697 192 1764 ceret3
215 1692 258 1749 ita
280 1690 368 1749 homo
392 1692 417 1749 si
436 1710 496 1750 non
511 1694 693 1774 sternutaret
707 1693 755 1752 vel
770 1694 795 1752 si
809 1711 913 1752 nasum
930 1713 984 1768 per
999 1713 1116 1753 emunc-

96 1784 212 1842 tionem
234 1799 294 1838 non
316 1784 467 1856 purgaret,
490 1781 616 1864 interius
637 1785 828 1856 putresceret.

167 1872 212 1929 Dc
234 1870 395 1943 cononicis
416 1863 502 1941 flacii
525 1889 544 1929 a
567 1872 702 1931 naribus.
748 1869 824 1929 Cum
855 1875 955 1930 autem
987 1871 1118 1931 homines

97 1979 237 2038 magnam
261 1958 444 2016 iracundiam
456 1960 486 2016 et
501 1964 702 2018 contumacem
718 1965 846 2019 mentem
861 1961 941 2019 intra
956 1979 986 2019 se
1001 1960 1117 2031 babent,

96 2053 142 2108 ita
172 2054 272 2107 tamen
303 2047 382 2122 quod
415 2067 450 2105 ex
479 2044 597 2126 aliqua
612 2067 698 2108 causa
729 2049 900 2108 inaudaciae
927 2068 981 2108 seu
1003 2050 1118 2108 timoris
1131 2061 1161 2106 ao

99 2159 153 2198 seu
176 2136 300 2212 pudoris
312 2137 463 2196 constricti
473 2137 544 2198 haec
555 2157 608 2212 per
618 2139 772 2198 tristitiam
784 2139 832 2198 vel
844 2157 914 2214 prae
930 2138 1119 2215 impossibili-

99 2231 163 2288 tate
187 2245 247 2285 non
271 2225 430 2284 ostendunt
451 2246 504 2286 nec
534 2227 705 2303 proferunt,
739 2232 811 2286 tunc
841 2220 996 2287 ¹interdum
1028 2247 1119 2287 venae

99 2315 215 2377 cerebri
247 2319 277 2372 at
309 2315 377 2373 colli
405 2334 438 2373 ac
461 2317 589 2390 pectoris
612 2335 714 2375 eorum
737 2336 808 2393 prae
831 2318 1039 2376 contrarietate
1061 2319 1119 2376 ista

99 2410 263 2480 erumpunt
286 2407 315 2462 et
337 2403 517 2482 franguntur
540 2411 570 2465 et
592 2425 646 2480 per
669 2407 784 2464 aditum
816 2411 846 2464 at
877 2426 930 2481 per
961 2407 1027 2482 iter,
1059 2425 1118 2482 quo

102 2496 207 2554 odores
229 2492 266 2551 ad
280 2512 364 2552 nares
379 2499 546 2570 portantur,
570 2495 742 2556 efferuntur.
787 2494 844 2554 Sed
859 2502 890 2554 et
905 2496 1026 2571 quidam
1041 2500 1118 2570 sunt,
1132 2506 1160 2551 at

101 2585 154 2661 qui
191 2584 244 2640 aut
278 2601 344 2641 cum
377 2584 460 2642 vanis
494 2587 524 2642 et
554 2585 643 2644 variis
678 2583 906 2660 cogitationibus
928 2587 1119 2660 occupantur,

100 2692 175 2750 quas
197 2676 297 2730 tamen
319 2672 458 2748 perficere
481 2692 541 2732 non
563 2676 695 2749 possunt,
719 2674 772 2731 aut
795 2691 863 2731 oum
884 2692 961 2749 vaga
981 2679 1011 2733 et
1026 2673 1117 2732 disso-

100 2765 166 2822 luta
197 2764 296 2819 mente
328 2762 363 2820 de
396 2762 460 2821 loco
492 2763 524 2820 in
553 2763 652 2822 locum
675 2765 823 2840 vagantur
845 2768 899 2822 aut
921 2781 989 2820 oum
1018 2763 1119 2822 incon·

100 2851 193 2911 suetis
216 2850 349 2909 moribus
373 2855 426 2910 aut
449 2870 516 2910 cum
540 2853 670 2911 resolute
692 2851 812 2910 lascivia
843 2850 897 2910 hac
929 2855 960 2911 et
990 2851 1060 2910 illac
1089 2852 1121 2909 in

100 2945 199 3000 mente
222 2957 275 2998 sua
296 2940 484 3016 proiciuntur
500 2943 529 3000 et
552 2940 593 3000 sic
616 2941 703 3016 quasi
727 2941 756 2998 in
777 2941 936 3000 amentiam
951 2943 1119 3015 vertuntur,
1133 2949 1162 2996 3ο

101 3031 144 3089 ita
166 3029 247 3106 quod
270 3047 323 3088 neo
347 3029 447 3089 oculos
470 3049 522 3089 nec
546 3030 650 3089 faciem
675 3048 759 3088 suam
783 3033 863 3089 recto
887 3033 969 3089 statu
989 3034 1019 3088 et
1033 3033 1121 3106 gestu

100 3120 210 3179 habere
242 3119 348 3179 sciunt.
393 3119 475 3178 Tunc
503 3119 538 3178 de
565 3119 649 3196 vagis
682 3118 911 3196 cogitationibus
938 3119 1003 3178 istis
1030 3137 1120 3178 venae

102 3207 216 3269 cerebri
239 3211 268 3266 at
291 3207 360 3266 colli
382 3227 416 3267 ac
437 3209 565 3284 pectoris
592 3208 726 3283 ipsorum
756 3211 926 3284 erumpunt,
962 3208 1005 3267 ite
1039 3208 1119 3284 quod

101 3298 223 3375 sanguis
246 3297 282 3355 da
304 3297 426 3357 naribus
450 3316 560 3373 eorum,
583 3302 619 3356 ut
640 3297 826 3373 praedictum
847 3300 899 3372 est,
923 3297 1027 3368 effluit,
1051 3297 1120 3371 quia

103 3407 196 3447 vanae
220 3387 415 3463 cogitationes
438 3390 469 3445 et
482 3406 574 3445 vanae
593 3391 704 3446 mentes
719 3387 841 3445 illorum
855 3386 1018 3460 praedictas
1033 3405 1120 3444 venas
1133 3395 1161 3441 35

105 3477 246 3537 attollunt
280 3478 309 3534 et
343 3477 516 3552 sanguinem
547 3477 685 3536 educunt.
739 3474 778 3535 Et
809 3475 899 3534 etiam
933 3493 1000 3534 cum
1032 3474 1119 3534 homo

104 3566 254 3626 interdum
286 3569 347 3624 tam
377 3567 408 3624 in
439 3584 524 3625 carne
556 3584 646 3641 quam
675 3565 706 3623 in
727 3566 809 3624 venis
832 3564 1066 3640 supramodum
1089 3565 1120 3622 in
