2680 3938
232 173 251 231 6
618 161 863 220 HILDEGARDIS

230 370 284 428 par
307 349 436 409 divinam
459 349 618 408 iussionem
632 351 760 410 ultorem
783 349 957 424 arctantur,
980 348 1084 406 flatum
1105 348 1136 405 et
1158 348 1247 408 forti-

231 440 366 500 tudinem
389 459 406 497 8
428 438 642 514 principalibus
668 439 764 500 ventis
791 438 853 498 suis
876 437 1034 513 accipiunt,
1063 438 1093 496 at
1119 437 1192 497 tnnc
1216 439 1249 496 in

231 529 286 589 tali
307 527 513 604 inquietudine
535 530 604 587 sunt
627 529 752 588 8888188
775 529 805 586 88
831 529 930 586 tantos
952 526 1085 604 fragores
1109 531 1139 586 et
1161 527 1246 586 colli·

231 619 325 678 sionas
356 617 559 693 periculorum
591 618 720 694 faciunt,
757 617 886 693 qualiter
916 616 1005 675 etiarn
1037 616 1169 691 pericula
1199 617 1245 675 in·

205 707 443 783 squietudinum
465 707 536 764 mali
559 707 699 766 humores
721 707 753 764 in
774 705 943 766 hominibus
965 705 1088 780 faciunt,
1113 723 1248 765 cameos

230 797 262 855 18
292 796 510 874 aegritudinem
541 796 682 857 deiciunt.
729 793 786 854 Sed
817 794 864 854 illi
893 794 1070 870 principales
1098 795 1180 854 venti
1210 795 1247 854 ab

229 885 316 945 initio
339 886 443 946 mundi
465 904 628 960 numquam
651 886 683 943 in
705 884 819 945 viribus
841 883 903 942 suis
925 883 1053 959 pleniter
1076 885 1151 943 moti
1174 887 1246 943 sunt

229 993 283 1034 nec
304 974 506 1034 movebuntur
520 993 615 1050 usqua
638 974 669 1032 in
692 973 888 1032 novissimum
904 972 990 1034 diam.
1027 973 1068 1030 llt
1082 991 1150 1031 cnm
1173 975 1249 1033 8888

230 1064 439 1124 fortitudinem
462 1081 545 1122 suam
568 1063 751 1123 ostenderint
774 1065 804 1121 et
827 1063 916 1120 flatus
932 1079 1000 1120 suos
1023 1062 1095 1120 tnnc
1117 1062 1247 1137 pleniter

190 1169 217 1214 10
230 1149 388 1228 emiserint,
412 1169 484 1227 prae
507 1151 683 1211 fortitudine
706 1154 736 1211 88
759 1151 1034 1210 881118188888888
1057 1150 1149 1211 88888
1172 1152 1248 1224 scin·

230 1243 338 1302 dentur
368 1244 399 1300 et
430 1241 583 1316 superiora
613 1241 793 1300 firmamenti
824 1239 1081 1316 complicabuntur
1109 1242 1139 1298 et
1164 1259 1247 1300 rum-

229 1334 348 1407 pentur,
375 1330 460 1390 velut
487 1349 593 1407 corpus
615 1329 742 1390 hominis
765 1329 911 1388 scinditur
941 1331 971 1388 et
993 1329 1092 1389 omnia
1114 1329 1248 1389 membra

230 1419 293 1478 8188
317 1419 493 1494 deiciuntur,
517 1437 586 1478 cum
609 1421 706 1478 anima
728 1417 822 1495 ipsius
845 1419 880 1477 de
896 1436 1019 1493 corpore
1042 1437 1095 1478 suo
1111 1419 1247 1478 exeundo

230 1509 365 1569 solvitur.
411 1507 525 1568 Ventus
560 1509 638 1567 enim
672 1508 824 1569 orientalis
858 1507 931 1566 duas
967 1508 1028 1566 alas
1059 1507 1156 1576 habet,
1191 1527 1247 1584 per

191 1611 218 1658 15
232 1615 305 1674 quas
329 1616 443 1656 omnem
468 1597 567 1657 orbem
590 1599 628 1657 ad
650 1615 681 1657 se
703 1597 804 1673 trahit,
831 1598 874 1656 188
901 1599 937 1656 88
960 1597 1007 1654 818
1033 1614 1093 1655 una
1116 1617 1133 1655 8
1156 1614 1244 1672 supe-

230 1682 361 1746 rioribus
385 1655 422 1744 aci
445 1686 586 1746 inferiora
608 1688 676 1747 solis
700 1703 822 1745 cursum
844 1686 993 1746 contineat
1016 1688 1047 1744 88
1076 1686 1123 1744 818
1152 1687 1246 1746 altera

230 1776 285 1835 soli
313 1778 460 1852 occurrat,
493 1776 537 1835 188
566 1779 602 1835 88
632 1777 660 1835 81
687 1775 873 1836 obstaculum
904 1775 951 1848 sit,
983 1793 1020 1832 ne
1047 1773 1089 1832 ibi
1117 1775 1245 1835 ulterius

229 1865 378 1942 procedat,
411 1883 470 1940 qno
498 1866 579 1923 ultra
608 1884 668 1923 non
697 1865 801 1928 tendit.
846 1865 886 1922 118
914 1867 1019 1922 ventus
1050 1864 1106 1922 iste
1129 1883 1245 1923 omnem

229 1954 438 2014 humiditatem
461 1954 614 2014 humectat
636 1958 667 2013 88
694 1955 792 2013 88818
814 1949 949 2031 germina
975 1954 1141 2030 germinare
1163 1953 1245 2014 facit.

193 2044 348 2103 aoVantus
372 2046 472 2102 autem
496 2043 684 2102 occidentalis
715 2044 800 2103 velut
827 2061 859 2102 os
883 2043 921 2102 ad
948 2061 1048 2101 omnes
1072 2060 1163 2117 aquas
1187 2043 1246 2103 dis·

230 2133 387 2208 sipandum
410 2135 441 2191 et
463 2132 692 2208 dispergendum
715 2133 817 2209 hahet,
849 2131 893 2190 ita
919 2134 956 2190 ut
979 2149 1078 2190 omncs
1100 2149 1192 2206 aquas
1215 2134 1246 2192 18

230 2225 311 2280 recta
344 2221 456 2280 itinera
489 2221 604 2281 dividat
637 2230 667 2281 88
695 2223 854 2298 dispergat,
890 2241 926 2280 ne
956 2221 1020 2279 ulla
1049 2239 1126 2296 aqua
1156 2239 1246 2297 supra

232 2311 320 2369 aliam
344 2310 489 2383 ascendat,
513 2311 564 2370 sad
585 2314 622 2370 88
636 2312 714 2370 recta
730 2305 855 2382 incedat
880 2311 950 2385 quia
965 2312 1143 2385 potestatam
1157 2310 1246 2370 habet

231 2418 321 2476 super
353 2419 451 2458 aeram
482 2399 586 2476 illum,
618 2401 671 2476 qui
706 2418 798 2476 aquas
828 2403 937 2475 portat.
981 2399 1022 2458 lit
1051 2401 1158 2459 ventus
1189 2399 1245 2460 1888

191 2501 219 2548 25
232 2489 331 2549 omnia
356 2489 465 2549 viridia
494 2489 616 2548 arefacit
638 2491 669 2548 ct
691 2508 732 2561 aa,
761 2507 836 2564 quae
859 2489 942 2547 iuxta
969 2507 1037 2546 eum
1065 2490 1143 2551 sunt.
1189 2487 1245 2550 888

231 2581 337 2638 ventus
360 2579 500 2638 australis
521 2578 606 2638 velut
627 2578 757 2638 ferreum
773 2578 914 2637 baculum
929 2579 1018 2650 tenet,
1043 2578 1095 2653 qui
1110 2579 1244 2654 superius

231 2671 292 2727 tres
315 2686 413 2728 ramos
440 2668 530 2727 habat
557 2672 587 2727 et
610 2668 663 2744 qui
686 2668 810 2727 inferius
837 2670 943 2726 acutus
967 2670 1019 2730 est.
1064 2664 1139 2724 Nam
1163 2667 1245 2742 qnasi

232 2757 408 2816 calibinaam
430 2755 638 2816 fortitudinem
660 2756 758 2832 habat,
782 2775 858 2832 quae
874 2757 1094 2816 firmamentum
1110 2758 1139 2814 et
1162 2757 1244 2834 abys-

231 2864 297 2905 sum
321 2846 458 2906 continet.
504 2844 588 2905 Sicut
610 2847 688 2905 enim
704 2845 794 2906 calibs
817 2847 915 2905 omnia
937 2848 1104 2906 aeramenta
1125 2848 1246 2921 superat

191 2945 219 2990 sc
233 2937 263 2994 et
286 2935 395 3010 domat,
425 2939 455 2995 et
481 2938 517 2994 ut
544 2953 594 2994 cor
620 2935 770 2995 hominem
797 2935 952 3008 confortat,
981 2937 1025 2994 ita
1048 2938 1079 2994 88
1100 2935 1244 2996 fortitudo

231 3024 313 3084 venti
344 3023 434 3083 huius
468 3024 685 3084 firmamentum
713 3029 743 3084 88
770 3024 908 3101 abyssum
937 3026 1043 3102 plagae
1070 3024 1151 3084 illius
1180 3043 1244 3084 con·

232 3114 316 3185 tinet,
348 3133 384 3172 na
416 3113 574 3174 dilabatur.
624 3113 664 3172 118
695 3113 832 3191 superius
863 3118 923 3173 tres
956 3115 1035 3174 viras
1067 3113 1151 3189 quasi
1185 3114 1244 3172 tres

232 3219 330 3261 ramos
359 3202 456 3279 habet,
489 3221 616 3279 quarum
648 3222 708 3261 una
731 3204 858 3263 calorem
885 3204 955 3262 solis
982 3204 1013 3261 in
1037 3203 1148 3262 oriente
1169 3204 1243 3260 tem·

232 3294 318 3367 perat
349 3294 380 3350 et
410 3311 471 3350 una
499 3292 634 3352 ardorem
666 3292 728 3352 eius
759 3293 791 3352 in
818 3293 943 3352 meridie
966 3292 1107 3368 deprimit
1135 3291 1165 3348 88
1186 3311 1245 3350 una

193 3391 221 3437 35
236 3381 362 3440 calorem
384 3381 466 3441 illius
488 3382 520 3441 in
543 3382 693 3442 occidente
721 3382 886 3459 refrigerat,
921 3401 958 3440 ne
988 3381 1092 3440 modos
1124 3397 1192 3440 snos
1214 3382 1244 3440 in

232 3470 329 3548 plagis
357 3470 417 3530 illis
448 3471 574 3532 excedat.
620 3470 677 3530 Sed
704 3471 827 3530 inferius
850 3472 955 3531 acutus
979 3471 1030 3545 est,
1060 3467 1141 3544 quod
1162 3470 1243 3530 forti·

231 3560 305 3620 tudo
338 3559 401 3618 eius
433 3562 523 3621 etiam
553 3561 584 3619 in
612 3561 750 3637 abyssum
780 3560 839 3618 fixa
869 3562 926 3636 est,
958 3579 994 3618 88
1023 3558 1186 3620 humiditas
1213 3564 1242 3620 at
