2680 3938
209 159 228 218 3
594 147 840 204 unoucreora

209 337 327 414 pulchri
351 340 380 396 et
402 335 474 395 laeti
497 335 559 395 dies
582 352 668 410 saepe
692 336 770 405 eunt,
796 334 868 410 quie
889 333 984 391 aestas
1007 331 1103 407 adest3
1126 336 1157 393 et
1178 334 1226 394 eol

208 429 240 486 in
274 426 384 486 circulo
418 443 472 484 suo
508 425 623 500 integer
656 426 701 483 eet
730 425 761 482 et
792 423 897 498 plenus
925 423 955 480 et
980 439 1039 479 non
1067 422 1168 482 deficit
1194 426 1227 483 et
1321 419 1322 434 ¹

207 517 309 576 lumen
330 533 417 574 suum
439 514 471 573 in
493 514 595 572 lunam
617 513 721 584 mittit,
745 531 813 571 oum
838 511 875 569 ad
897 529 965 570 eum
980 510 1103 587 accedit,
1126 514 1163 571 nt
1177 513 1227 573 vir

208 624 306 665 semen
328 621 415 663 suurn
439 604 470 662 in
492 603 634 662 feminam
656 602 759 664 mittit.

180 707 195 751 5
274 695 322 754 De
343 695 425 756 luae.
448 679 450 684 ’
470 691 555 751 Luna
586 692 664 750 enim
694 709 729 748 ex
759 690 827 768 igue
849 691 880 748 et
907 708 943 748 ex
972 688 1056 748 tenui
1083 707 1149 749 aare
1179 694 1226 751 est

209 785 298 859 etque
328 782 359 841 in
388 801 454 842 aare
484 785 544 841 etat
575 781 604 840 et
635 779 839 838 habitaculum
866 778 898 836 in
921 795 955 837 eo
982 776 1071 837 hebet
1101 785 1132 838 et
1158 780 1226 855 ipse

207 891 261 948 per
283 891 348 931 eam
370 872 516 934 firmatur.
561 869 641 940 Quae
670 872 830 945 postquam
853 870 1022 940 evacuetur,
1052 866 1106 926 sub
1130 869 1226 928 solem

207 961 298 1034 vadit,
329 964 359 1020 et
382 961 506 1036 sphaere
528 959 565 1018 ab
593 977 628 1016 eo
652 957 829 1029 extenditur,
858 975 933 1034 quea
954 956 1038 1015 illam
1062 957 1099 1017 ed
1123 957 1225 1033 ipsum

207 1050 308 1122 trahit,
331 1053 367 1109 ut
389 1049 506 1108 achates
529 1048 641 1107 ferrum
657 1046 695 1104 ad
717 1065 747 1106 se
769 1045 872 1108 trehit.
902 1045 989 1103 Illam
1005 1045 1145 1121 accendit,
1170 1047 1225 1106 sed

167 1151 194 1196 ιο
207 1143 237 1199 et
268 1142 382 1199 ceterae
414 1139 548 1214 planetae
578 1138 608 1195 et
637 1136 739 1194 stellae
767 1139 858 1210 etque
884 1154 934 1194 aer
962 1139 992 1193 et
1015 1138 1112 1195 cetere
1133 1134 1225 1195 lurni·

207 1228 297 1305 narie,
320 1245 397 1305 quae
420 1227 497 1287 circa
517 1228 620 1285 lunam
635 1228 712 1296 eunt,
736 1224 773 1283 ed
788 1243 852 1283 aem
867 1225 995 1300 flagrent
1010 1227 1040 1283 et
1064 1224 1101 1283 ed
1123 1235 1226 1284 ecc'en·

207 1318 318 1377 sionem
341 1317 404 1375 eius
425 1316 483 1393 ipsi
505 1316 692 1375 succurrunt.
736 1314 776 1372 Et
798 1316 957 1390 postquem
979 1313 1097 1372 incensa
1119 1314 1224 1390 fuerit,

207 1406 353 1482 paulatim
376 1406 480 1466 crescit
502 1405 541 1463 ed
564 1402 781 1481 plenitudinem
801 1421 894 1474 suam,
917 1401 995 1461 sicut
1016 1402 1107 1462 etiem
1128 1421 1225 1481 regua

207 1496 255 1555 vel
278 1494 383 1554 domus
406 1495 521 1554 incensa
536 1493 684 1569 paulatim
706 1492 812 1569 incipit
827 1492 937 1566 erdere,
959 1491 1143 1567 usquedum
1157 1495 1225 1552 tote

166 1584 388 1644 lainoendetur.
432 1583 557 1643 iuterim
579 1583 665 1658 enirn,
698 1581 770 1639 dum
800 1581 873 1640 lune
899 1580 1052 1640 crescendo
1079 1582 1224 1656 repletur,

206 1673 249 1733 eol
282 1673 436 1749 superiore
466 1672 645 1731 firmamenti
676 1671 831 1730 confirmet
861 1688 915 1729 nec
945 1687 1072 1745 usquam
1100 1671 1137 1730 ab
1164 1671 1224 1732 hoc

207 1765 308 1822 cesset.
352 1762 392 1822 Et
413 1763 458 1822 eol
480 1762 558 1821 diem
581 1779 681 1820 secum
702 1765 732 1820 et
754 1759 834 1836 apud
856 1758 1002 1834 sehabet,
1026 1759 1098 1835 quia
1120 1758 1220 1818 firme·

206 1855 339 1911 mentum
362 1852 498 1928 superius
520 1850 654 1910 lucidum
678 1852 735 1921 eet;
759 1852 789 1908 et
804 1849 876 1907 lune
897 1850 1021 1922 noctem,
1046 1847 1116 1924 quie
1138 1851 1222 1908 terre

207 1940 358 2001 tenebrose
381 1944 432 2005 est.
478 1940 535 2000 sed
564 1941 594 1999 et
620 1941 780 2016 postquam
809 1938 880 1997 lune
902 1928 1043 2013 repletrir,
1071 1938 1115 1996 ite
1138 1938 1221 2013 quod

77 2027 85 2044 '
165 2032 290 2090 rovelut
311 2031 420 2108 mulier
445 2047 608 2106 praegnans
636 2027 772 2103 efficitur,
806 2027 907 2085 lumen
937 2045 1026 2085 suurn
1049 2027 1160 2086 emittit
1190 2032 1221 2086 et

206 2119 298 2178 stellis
320 2120 427 2192 tradit3
450 2122 481 2177 et
503 2120 546 2176 ite
569 2117 670 2177 atellae
693 2117 851 2176 lucidiores
874 2115 1053 2177 efficiuntur.

272 2207 318 2267 De
341 2225 416 2268 rore.
462 2207 545 2265 Tunc
570 2209 600 2266 et
622 2206 724 2265 stellae
747 2205 783 2264 de
798 2205 901 2265 eodem
917 2205 1013 2264 calore
1029 2223 1126 2263 aerem
1143 2205 1218 2264 cele·

206 2296 321 2355 faciunt
333 2299 364 2355 et
379 2295 529 2370 roborent,
547 2297 576 2354 et
592 2315 642 2354 aer
658 2295 816 2354 calefactus
832 2295 969 2354 sudorem
986 2312 1084 2370 sunm,
1109 2294 1222 2354 scilicet

205 2404 305 2444 rorem
327 2404 425 2461 suum,
448 2388 671 2461 superterram
692 2383 788 2443 mittit
809 2386 839 2442 et
861 2403 925 2442 eam
948 2383 1097 2445 fecundat.
1135 2382 1220 2443 Unde

164 2485 192 2530 25
206 2479 237 2534 et
258 2475 322 2550 ipae
343 2476 464 2550 perfuse
495 2474 611 2533 fructus
641 2472 749 2550 gignit.
794 2471 870 2530 Nem
901 2471 1020 2530 iuterim
1048 2472 1121 2531 dum
1148 2473 1220 2532 luna

205 2583 235 2623 ee
258 2568 391 2636 evacuat,
413 2565 457 2623 ita
472 2563 553 2640 quod
566 2564 668 2621 lumen
683 2580 771 2622 suum
787 2562 880 2620 stellis
903 2561 962 2637 dat,
985 2564 1016 2620 et
1030 2561 1102 2620 dum
1125 2562 1220 2622 aeole

205 2671 323 2713 accensa
354 2653 391 2711 ad
421 2653 635 2728 plenitudinem
665 2669 747 2710 suam
782 2652 894 2727 crescit,
927 2651 1029 2710 stellae
1060 2651 1162 2710 lumen
1190 2655 1221 2710 et

206 2744 342 2814 calorem,
366 2759 488 2818 quema
511 2743 583 2800 luna
605 2741 788 2817 acceperuut,
813 2740 843 2798 iu
867 2757 963 2798 aerem
986 2740 1024 2799 ad
1047 2740 1217 2800 calefacien-

206 2832 277 2889 dum
292 2832 322 2889 et
337 2830 564 2889 confortandum
578 2850 645 2889 eum
661 2829 807 2905 paulatim
818 2829 952 2905 mittunt,
969 2833 999 2888 et
1013 2847 1064 2887 eer
1079 2828 1220 2888 sudorem

164 2930 192 2975 30
208 2937 296 2980 suum
319 2919 357 2978 ed
379 2919 594 2980 fecundandam
616 2921 728 2978 terrem
743 2917 868 2994 desuper
890 2917 1001 2998 fundit,
1025 2918 1127 2994 itaut,
1151 2937 1219 2978 cum

204 3010 276 3068 luna
297 3008 407 3068 itonam
435 3009 522 3084 plene
544 3009 643 3085 fuerit,
670 3008 771 3068 stellae
799 3007 889 3066 etiem
916 3007 1038 3068 interim
1061 3009 1219 3067 evacuatae

205 3098 265 3158 sint
288 3098 325 3158 ed
348 3097 551 3174 excipiendum
573 3099 683 3157 iterum
698 3097 794 3155 denuo
810 3093 893 3156 eliud
907 3096 1009 3155 lumen
1032 3099 1062 3155 et
1078 3097 1220 3169 calorem3

205 3191 235 3246 et
259 3205 327 3245 cum
349 3187 421 3246 lune
443 3187 590 3260 defecerit,
614 3187 716 3246 stellae
738 3186 841 3261 plenae
856 3185 916 3244 sint
938 3184 976 3244 ed
991 3185 1218 3245 conferendum

205 3294 301 3335 aerem
324 3278 354 3335 et
383 3281 507 3349 terram
540 3279 570 3336 et
601 3294 669 3335 cum
702 3274 804 3333 stellae
831 3273 999 3346 defecerint,
1027 3276 1099 3333 luna
1122 3274 1218 3335 denuo

163 3366 289 3443 a5plene
312 3366 359 3428 sit.

270 3455 315 3515 De
344 3455 425 3515 aeris
450 3456 640 3531 purpureone.
690 3452 748 3512 Sed
779 3472 847 3513 cum
881 3453 983 3512 stellae
1018 3451 1049 3509 in
1081 3450 1219 3511 noctibus

204 3547 353 3622 apparent,
385 3545 465 3620 quod
487 3547 559 3605 tunc
585 3543 744 3620 aliquando
770 3542 911 3603 videntur
937 3541 1050 3618 ignitae
1070 3541 1219 3616 ‘sphaerae
