2668 3924
182 166 244 225 202
567 157 811 213 Hluuucnums

181 345 272 403 cruda
306 362 396 419 poma
425 346 455 402 et
486 342 632 419 quidquid
665 360 763 402 assum
794 343 846 418 sit,
878 342 998 406 devitet.
1053 345 1204 424 Reliquas

181 436 280 492 autem
304 451 412 508 earnes,
436 451 512 509 quae
534 433 637 491 molles
659 435 736 504 aunt,
759 435 789 493 et
804 433 935 509 reliquos
950 434 1043 508 pisces
1059 437 1202 497 comedat

181 525 212 581 et
240 523 287 581 ius
318 522 398 598 pisae
429 521 558 598 sorbeat,
589 522 685 598 ipsam
715 526 816 581 autem
846 523 941 597 pisam
972 526 1002 581 et
1028 524 1139 584 lentem
1169 531 1203 586 et

180 611 280 671 fabam
303 611 423 676 deutet.
457 610 560 670 Sedet
580 631 696 670 omnem
719 612 819 671 cibum
842 611 971 670 calidum
994 631 1030 670 ue
1052 615 1201 691 comedat,

154 701 231 760 ssed
253 703 451 776 temperatum
473 701 607 777 accipiat,
630 701 673 760 ita
694 701 775 777 quod
797 719 850 760 nec
870 700 984 760 calidus
999 721 1053 761 nec
1068 704 1202 780 frigidus

84 811 89 818 ·
181 791 227 849 sit.
274 789 370 850 Suara
394 809 514 866 quoque
536 790 642 850 vinum
665 789 758 865 bibat,
792 790 842 848 sed
871 809 980 866 aquam
1007 791 1126 851 interim
1149 795 1202 853 de·

181 880 268 954 vitet,
297 879 378 955 quod
406 879 476 939 haec
504 879 603 938 omnia
629 879 734 937 nociva
762 882 833 938 sunt
855 879 969 938 homini
991 879 1202 942 infirmitatem

180 968 254 1026 hanc
277 968 404 1044 habenti,
427 970 463 1026 ut
485 969 575 1026 etiam
599 969 635 1026 de
658 967 826 1027 dissinteria
849 967 962 1027 dictum
985 972 1038 1030 est.

258 1057 303 1116 Do
337 1058 498 1130 emoptoo'oo
526 1057 677 1130 passione.
738 1051 762 1133 1)
785 1057 817 1116 si
847 1057 919 1116 mali
949 1059 978 1116 et
1005 1062 1134 1120 concreti
1167 1067 1201 1121 et

117 1139 167 1204 'ro
179 1148 317 1206 venenosi
346 1147 485 1206 humores
512 1147 544 1204 in
572 1146 690 1205 homine
717 1145 1043 1222 superhabundaverint
1070 1152 1101 1208 et
1128 1171 1202 1210 eum

179 1236 351 1312 sanguinem
375 1254 506 1295 excreare
530 1239 560 1294 et
582 1254 700 1294 vomere
722 1255 776 1311 per
793 1236 892 1312 aliqua
913 1239 1048 1313 tempora
1063 1239 1200 1313 fecerint,

179 1325 297 1383 interim
329 1324 445 1383 nullam
476 1324 650 1384 medicinam
682 1324 733 1384 ille
766 1326 854 1384 homo
883 1325 940 1384 sibi
974 1326 1125 1403 adhibeat,
1160 1349 1200 1389 ne

181 1414 300 1490 sangnis
320 1432 374 1489 per
397 1413 572 1473 medicinam
594 1414 754 1473 exterritus
777 1415 877 1490 ipsum
899 1415 1025 1474 interius
1049 1419 1200 1478 exulceret

181 1506 210 1560 et
238 1504 307 1578 plus
338 1502 426 1560 solito
458 1503 569 1564 effluat.
614 1503 671 1562 Sed
702 1508 860 1579 postquam
888 1504 966 1563 idem
993 1507 1114 1584 sanguis
1142 1508 1198 1567 ho·

140 1591 398 1650 1511111111111111111
426 1592 614 1668 aliquantum
645 1593 771 1669 fatigare
805 1593 970 1668 cessaverit,
1008 1596 1132 1656 salviam
1166 1598 1199 1656 in

179 1680 238 1738 leni
273 1690 303 1739 et
334 1681 419 1741 suavi
449 1682 518 1740 vino
555 1681 668 1740 modice
699 1701 779 1757 aqua
809 1683 901 1740 mixto
935 1689 1045 1759 eoquat
1080 1687 1198 1746 modico

181 1788 300 1846 quoque
331 1771 478 1830 baumoleo
512 1773 565 1830 aut
595 1770 704 1847 butyro
738 1771 848 1845 addito,
881 1774 911 1830 et
945 1773 987 1831 sio
1023 1776 1106 1833 coeto
1144 1795 1198 1852 per

179 1878 311 1932 pannum
348 1861 425 1918 colet
457 1863 486 1919 et
522 1861 636 1919 modice
668 1864 698 1919 et
730 1879 789 1918 non
828 1861 864 1919 ad
902 1862 1111 1922 sufficientiam
1145 1883 1198 1924 nec

180 1949 298 2007 ieiunus
321 1949 372 2007 sed
395 1968 518 2024 pransus
541 1949 623 2010 libat.
670 1950 768 2008 Salvia
791 1951 868 2008 enim
895 1951 1031 2010 interiori
1059 1953 1197 2013 foeditati

141 2037 339 2096 cchumorum
372 2038 496 2112 resistit,
536 2039 641 2097 vinum
677 2042 778 2097 autem
814 2058 883 2098 cum
915 2041 1063 2100 suavitate
1100 2062 1197 2124 aquae

180 2129 379 2202 temperatum
401 2127 552 2184 infirmum
574 2128 662 2186 illum
685 2128 835 2187 refocillat
857 2133 887 2188 et
910 2129 1066 2206 confortat,
1096 2133 1194 2192 boum-

181 2215 273 2274 oloum
289 2235 359 2275 vero
377 2219 430 2274 aut
450 2215 595 2292 butyrum
617 2217 704 2274 illum
726 2218 852 2276 interius
875 2221 967 2279 sanat.

242 2304 288 2363 Dc
319 2305 503 2364 emorroides.
554 2305 586 2364 Si
617 2306 689 2363 mali
721 2309 751 2364 et
782 2308 887 2382 aquosi
914 2312 972 2366 aut
1001 2311 1106 2370 tenues
1140 2312 1193 2370 hu-

178 2412 274 2452 mores
297 2394 624 2469 superhabundaverint
645 2397 677 2453 in
699 2395 817 2454 homine
840 2398 870 2455 et
893 2398 1069 2474 sanguinem
1083 2401 1195 2477 absque

139 2493 166 2538 aa
180 2483 328 2558 egestione
360 2483 495 2542 ciborum
525 2503 579 2560 per
609 2485 774 2560 posteriora
797 2485 879 2544 illius
902 2488 1028 2546 transire
1051 2488 1194 2564 fecerunt,

179 2572 231 2630 ille
264 2572 436 2632 huiusmodi
468 2573 582 2631 fluxum
616 2573 767 2650 sanguinis
801 2575 832 2632 in
866 2593 896 2633 se
928 2577 1107 2654 restringere
1136 2598 1193 2638 non

180 2665 315 2736 quaerat,
359 2662 511 2738 quoniam,
550 2663 575 2721 si
615 2664 700 2721 aliter
734 2663 851 2734 fecerit,
890 2664 969 2722 idem
1008 2669 1130 2744 sanguis
1163 2669 1194 2726 111

178 2750 320 2808 maiorem
350 2754 501 2826 stuporem
533 2755 670 2811 vertetur
700 2755 730 2811 et
760 2754 790 2811 in
818 2754 928 2812 maiore
951 2755 1091 2816 effusione
1115 2777 1191 2816 ema·

180 2837 271 2902 nabit.

142 2940 170 2984 ao
249 2929 327 2987 Item
350 2929 385 2988 de
408 2931 565 3004 sauguine.
615 2923 678 3009 ²)Si
709 2931 829 3006 sanguis
861 2932 891 2989 in
913 2933 1031 2992 homine
1054 2934 1141 2993 malis
1165 2941 1194 2994 et

180 3018 297 3092 aquosis
320 3018 496 3077 humoribus
520 3020 664 3078 excitatus
686 3039 740 3096 per
763 3021 928 3096 posteriora
951 3022 1014 3082 eius
1030 3042 1100 3081 eum
1115 3043 1192 3101 eges·

179 3107 259 3164 tione
290 3106 425 3165 ciborum
458 3107 578 3167 effluere
610 3111 729 3185 ceperit,
760 3109 811 3168 iiie
844 3129 912 3168 eum
942 3129 1001 3170 non
1023 3114 1191 3189 restringat,

185 3197 264 3271 qued
287 3197 495 3273 purgationem
519 3199 546 3256 ei
569 3197 654 3258 affert
677 3202 707 3257 et
730 3199 870 3274 quoniam
893 3201 920 3258 ei
942 3219 996 3275 pro
1012 3203 1192 3279 purgatione

179 3288 229 3344 est.
275 3284 333 3344 Sed
356 3286 381 3344 si
404 3305 495 3362 supra
517 3288 639 3346 modum
661 3288 740 3346 idem
768 3306 836 3346 eum
863 3292 1013 3365 egestione
1041 3310 1096 3366 per
1125 3311 1192 3350 eum

178 3426 392 3435 ——.....—

269 3493 289 3563 1)
310 3513 335 3548 v.
349 3495 436 3549 9-22
451 3521 483 3540 =
498 3497 593 3567 usgue
606 3498 676 3551 1154
688 3495 819 3550 11-1111
833 3497 863 3550 A.
878 3529 911 3536 -
929 3495 954 3567 2)
967 3515 992 3554 v.
1005 3498 1106 3568 so-p.
1119 3501 1192 3565 roan

179 3587 211 3607 =
232 3564 326 3635 Migne
347 3567 416 3621 nso
436 3567 468 3620 n.
