2668 3924
203 187 264 248 176
586 181 834 240 HILDEGARDIS

202 368 291 427 etiem
314 367 473 427 foetentem
495 370 526 426 et
547 368 623 427 male
647 367 821 427 odorantem
843 367 971 427 halitum
994 372 1024 429 et
1043 369 1120 428 male
1144 370 1221 430 odo-

200 459 317 517 rantem
339 456 478 516 sudorem
500 474 617 532 semper
638 455 755 520 habent.
799 457 840 515 Ilt
869 455 999 516 foetidus
1024 457 1136 518 halitus
1169 478 1222 519 eo-

200 567 269 606 rnm
292 549 382 621 etque
404 546 475 605 mali
498 545 645 618 humores,
668 546 722 622 qui
745 546 776 604 in
791 545 864 621 ipsis
878 548 956 621 sunt,
978 564 1073 622 nsque
1088 546 1126 605 ad
1141 566 1221 608 oere-

200 637 289 695 hrum
323 653 426 694 eorum
460 635 637 712 pertingunt
674 638 705 694 et
730 634 808 694 illud
830 635 862 694 in
884 635 1057 696 infirmitate
1080 636 1222 714 fatigant,

160 733 174 776 ⁵
202 725 283 801 quod
314 724 486 784 multotiens
512 723 596 785 velut
627 725 658 782 in
682 722 831 783 oblivione
854 724 901 783 sui
924 723 1085 786 ducuntur.
1131 724 1222 796 Quod

200 816 225 873 si
247 815 355 891 flegma
377 812 413 873 de
437 814 533 890 eapite
555 813 674 889 eiciunt,
697 812 796 872 minus
820 811 935 888 dolent,
960 814 1041 889 quod
1063 814 1220 874 cerebrum

201 922 303 964 eorum
333 905 495 980 purgatum
527 903 553 964 si
580 921 650 964 vero
678 901 788 978 flegma
810 920 868 962 non
891 901 1011 974 eiciunt,
1042 904 1165 980 gravius
1188 905 1221 964 in

200 993 297 1073 eapite
328 995 515 1067 torquentur,
547 992 686 1069 quoniam
709 991 862 1050 cerebrum
892 1009 980 1051 suum
1003 1011 1021 1050 a
1043 993 1137 1052 noxiis
1160 993 1217 1054 hu·

202 1082 337 1140 moribus
352 1100 412 1140 non
426 1083 568 1145 relevant.
612 1080 653 1141 ut
674 1081 788 1141 foetens
802 1080 915 1141 halitus
937 1081 1062 1141 istorum
1086 1081 1123 1140 ad
1145 1083 1219 1158 pul-

161 1176 187 1224 10
200 1190 317 1231 monem
339 1171 445 1230 transit
467 1174 497 1230 et
523 1190 592 1230 eum
623 1169 740 1247 fatigat,
772 1170 816 1230 ita
838 1170 919 1246 quod
942 1169 1032 1229 etiam
1056 1170 1218 1247 aliquando

200 1278 319 1319 rauoam
342 1278 444 1318 voeem
466 1258 583 1332 habent,
615 1258 665 1319 sed
695 1261 793 1318 tamen
817 1258 902 1318 dolor
924 1259 980 1319 iste
1003 1279 1062 1319 non
1084 1261 1218 1322 multum

199 1349 384 1424 periculosus
407 1351 459 1420 est,
483 1349 565 1424 quod
587 1349 647 1408 aito
671 1348 768 1406 ourari
790 1350 898 1423 potest.

265 1438 311 1497 De
326 1439 421 1512 epatis
435 1438 554 1500 duritie.
587 1430 652 1519 1)Si
675 1437 742 1512 quis
765 1437 897 1496 diversos
920 1437 1001 1496 eibos
1022 1437 1218 1498 immoderate

200 1530 230 1584 et
252 1527 408 1586 indiscrete
431 1527 589 1604 sumpserit
612 1530 641 1586 et
664 1526 705 1586 sie
728 1526 764 1584 de
788 1525 911 1586 diversis
933 1525 1110 1586 humoribus
1134 1526 1216 1588 oibo-

160 1623 187 1668 15
200 1635 268 1673 rum
290 1615 414 1675 illorum
435 1616 517 1677 iecur
539 1617 603 1676 eins
625 1615 756 1675 laeditur
778 1617 808 1674 et
828 1614 999 1692 indurescit,
1023 1614 1072 1675 hie
1093 1617 1216 1678 misser

199 1701 379 1778 hasludecto
400 1705 526 1782 aooipist
547 1708 578 1765 et
599 1705 645 1764 bis
667 1707 785 1764 tantum
808 1703 845 1762 de
864 1703 1013 1764 radicibus
1034 1705 1217 1782 plantaginis

200 1797 229 1852 et
250 1797 368 1856 tantum
390 1789 466 1868 mois,
498 1795 580 1872 quod
609 1798 654 1854 ast
683 1793 760 1853 eirea
782 1793 896 1853 viseum
927 1794 995 1871 piri,
1027 1796 1064 1853 ut
1094 1795 1217 1856 minoas

198 1877 414 1963 heslathdeota,
438 1888 468 1945 et
485 1885 634 1960 praelatas
656 1882 762 1942 herbas
783 1883 815 1941 in
837 1882 966 1943 modieas
989 1885 1145 1942 attenues
1168 1884 1217 1944 in-

201 1973 323 2033 cisiones
349 1975 462 2034 ineidat
483 1978 514 2033 et
539 1973 695 2034 incisiones
717 1972 788 2032 istas
810 1972 919 2032 subula
941 1975 994 2032 aut
1016 1971 1075 2031 alio
1098 1973 1216 2033 minuto

159 2062 397 2123 minstrumento
419 2064 550 2140 perforet
572 2067 603 2121 et
624 2062 656 2120 in
678 2061 825 2120 foramina
847 2061 905 2122 ista
933 2061 1118 2139 praediorum
1148 2057 1216 2122 mals

199 2150 304 2228 infigat
326 2156 357 2211 et
378 2153 421 2212 sio
443 2153 474 2210 in
507 2171 619 2227 purum
650 2151 754 2210 vinum
787 2159 888 2225 ponat
933 2150 991 2210 Sed
1029 2156 1060 2210 et
1096 2151 1215 2227 pondus

199 2241 313 2298 nummi
335 2241 461 2317 aaeipiat
482 2244 631 2300 tumorem
652 2240 748 2312 illum,
781 2239 834 2316 qui
867 2243 920 2300 aut
949 2240 980 2298 in
1012 2239 1085 2299 folio
1109 2241 1215 2300 autin

199 2330 367 2389 ramusculo
389 2331 459 2390 nuci
481 2330 565 2390 velut
587 2330 654 2388 faba
678 2332 730 2388 aut
753 2329 837 2388 velut
851 2329 915 2403 pisa
930 2329 1081 2405 intumuit,
1106 2332 1137 2388 et
1157 2329 1214 2389 hos

199 2419 230 2476 in
245 2419 432 2494 praedictum
454 2419 558 2479 vinum
580 2418 691 2489 mittat,
708 2420 739 2476 et
762 2416 867 2476 deinde
889 2422 953 2476 tarn
975 2436 1101 2495 pransus
1124 2437 1214 2495 quam

158 2514 187 2560 25
200 2507 316 2566 ieiunus
349 2527 409 2568 non
439 2511 555 2568 coetum
587 2507 638 2568 sed
670 2508 789 2566 tantum
823 2507 893 2566 vino
925 2507 1099 2583 impositum
1121 2507 1213 2568 bibat.

200 2595 287 2656 Oalor
310 2598 389 2658 enim
404 2600 435 2657 et
456 2598 552 2674 frigus
567 2599 688 2656 minuar
702 2596 913 2670 hullattdscho
927 2596 1107 2656 inflationem
1122 2597 1212 2656 iecori

199 2687 304 2760 aufert,
328 2687 408 2746 aalor
431 2689 531 2746 autern
552 2683 740 2764 plantaginis,
763 2704 800 2744 ne
822 2685 904 2745 ieeur
926 2685 1101 2763 coaguletur
1124 2689 1155 2746 et
1176 2705 1214 2746 ne

199 2774 373 2852 induresoat,
397 2775 544 2850 prohibet.
589 2775 647 2835 Sed
670 2773 768 2850 frigus
790 2766 890 2835 misses
912 2775 985 2836 visai
1006 2775 1066 2850 piri
1089 2774 1214 2835 livorem

200 2863 264 2922 eius
287 2864 405 2940 minuit,
428 2869 459 2925 et
480 2868 581 2925 tumor
603 2865 665 2940 ille,
689 2864 741 2939 qui
763 2863 795 2923 in
817 2864 891 2923 folio
915 2867 968 2924 aut
990 2863 1022 2924 in
1044 2865 1214 2924 ramusculo

159 2953 268 3012 sunuel
291 2956 343 3030 est,
368 2954 564 3013 amaritudine
587 2972 642 3014 sua
663 2971 771 3029 pravos
793 2952 940 3028 humores,
970 2953 1023 3029 qui
1052 2953 1137 3012 ieeur
1159 2954 1213 3012 lae
1320 3009 1321 3039 ,

200 3040 284 3114 dunt,
307 3043 414 3106 aufert.
458 3043 498 3102 Ilt
519 3043 590 3103 haec
616 3062 675 3103 non
707 3047 883 3119 coquantur,
914 3041 964 3102 sed
994 3045 1113 3119 tanturn
1146 3043 1213 3103 vino

199 3149 259 3189 non
282 3135 365 3192 oooto
387 3131 586 3208 imponentur,
609 3136 645 3191 ut
666 3134 751 3191 tanto
785 3132 906 3192 suavius
938 3131 975 3190 ad
1006 3132 1089 3190 ieeur
1111 3150 1213 3207 perva-

199 3219 289 3280 niant.
333 3221 485 3280 ‘Moratum
508 3240 635 3298 quoque,
672 3222 725 3297 qui
758 3220 801 3280 sie
832 3221 921 3296 dolet,
953 3221 985 3278 in
1018 3222 1093 3297 potu
1129 3239 1214 3298 saepe

200 3309 288 3379 bibat,
328 3310 470 3387 quoniam
504 3311 589 3371 dolor
619 3310 724 3370 iecoris
756 3310 929 3370 multotiens
952 3310 989 3369 de
1011 3309 1214 3385 superfluitate

159 3403 187 3450 3⁵
200 3399 351 3475 sanguinis
374 3399 478 3476 oritur,
502 3418 592 3476 quem
614 3399 696 3458 ealon
718 3401 749 3458 et
771 3416 875 3458 sueous
898 3398 1012 3474 moreti,
1035 3398 1118 3474 quod
1133 3400 1214 3462 velut

272 3587 295 3658 1)
315 3607 341 3643 v.
363 3588 467 3644 13—25
486 3611 520 3637 =
538 3589 635 3660 Migne
655 3587 832 3644 120613—0.
