2662 3932
215 143 277 202 104
600 133 846 190 HILDEGARDIS
1302 88 1305 121 ι

77 352 80 360 ·
138 365 139 370 η
212 321 304 381 rivuli
327 319 504 380 effluxerint.
549 319 627 378 Ante
648 318 747 394 ipsum
769 319 870 376 autem
892 318 1014 376 initium
1041 319 1136 380 huius
1169 321 1250 380 effu-
1305 319 1306 330 ’

159 455 163 461 -
213 410 303 470 sionis
325 409 465 484 membra,
489 427 565 484 quae
588 426 685 467 semen
708 407 767 466 viri
788 407 937 483 suscipere
952 407 1070 480 debent,
1094 411 1250 486 aperiun-

212 504 272 574 tur,
294 499 338 557 ita
360 498 441 574 quod
463 500 536 556 tunc
558 496 675 556 facilius
698 515 789 573 quern
811 496 870 554 alio
894 498 1026 572 tempore
1050 499 1250 576 concipiunt.

213 587 357 646 Similiter
378 605 456 663 vero,
480 605 548 646 cum
570 586 630 644 iam
652 586 805 644 menstrua
826 585 858 643 in
880 585 937 643 fine
966 589 1045 661 sunt,
1077 588 1121 646 ito
1157 588 1251 665 quod

187 679 273 735 ciam
303 675 453 754 deficiunt,
488 675 626 734 mulieres
660 674 746 733 facile
781 673 960 750 concipiunt,
996 676 1068 751 quic
1101 677 1250 736 membra

214 785 316 826 earum
338 765 435 824 adhuc
457 767 530 824 tunc
553 767 656 839 aperta
678 766 759 835 sunt;
792 763 842 822 sed
873 764 904 821 in
932 763 990 822 clio
1013 767 1150 841 tempore
1178 770 1248 825 tam

213 855 300 914 facile
322 872 382 913 non
405 853 583 929 concipiunt,
615 851 755 927 quoniam
784 852 915 910 membra
948 871 1050 912 aarum
1081 857 1159 915 tunc
1187 855 1246 913 ali-

214 947 360 1020 quantum
382 942 541 1002 constricta
563 944 640 1016 sunt,
656 941 741 999 velut
763 941 794 998 in
817 940 920 1000 arbore
942 944 999 1016 est,
1030 963 1108 1018 quae
1129 945 1245 1004 viridi·

212 1037 306 1092 tctem
333 1051 419 1091 suam
450 1032 482 1088 in
515 1030 627 1088 aestivo
659 1032 791 1105 ternpore
823 1030 860 1088 ad
890 1031 1118 1105 producendum
1146 1033 1246 1092 flores

173 1136 200 1181 10
213 1123 333 1198 emittit,
356 1121 387 1179 in
409 1119 530 1178 hiemali
552 1120 653 1177 autem
674 1119 838 1177 introrsum
861 1137 925 1178 eam
948 1119 985 1178 sd
1008 1137 1039 1179 se
1062 1121 1170 1187 trahit.

279 1210 325 1270 Dc
348 1212 495 1282 conceptu.
541 1207 598 1266 Sed
621 1226 690 1266 cum
712 1207 819 1266 mulier
833 1209 864 1266 in
885 1209 1091 1269 coniunctione
1106 1211 1169 1270 viri
1186 1213 1242 1284 est,

213 1302 285 1358 tunc
316 1299 395 1359 calor
424 1296 536 1356 cerebri
565 1297 640 1372 cino,
677 1297 730 1372 qui
759 1297 982 1356 delectationem
1011 1299 1042 1356 in
1072 1319 1103 1358 se
1135 1300 1242 1371 habet,

214 1391 337 1465 gustum
360 1386 492 1446 eiusdem
513 1385 714 1444 delectationis
737 1386 768 1443 in
790 1385 890 1444 eadem
918 1387 1124 1448 coniunctione
1149 1409 1241 1466 prae-

214 1476 334 1536 nuntiat
364 1479 394 1534 θη
423 1475 541 1534 seminis
574 1475 753 1534 effusionem.
802 1474 842 1532 Et
875 1479 1035 1552 postquam
1069 1496 1170 1538 semen
1207 1479 1239 1536 in

174 1579 201 1624 15
214 1567 314 1624 locum
336 1583 425 1624 suum
448 1563 593 1639 ceciderit,
621 1563 789 1640 praedictus
812 1565 993 1624 fortissimus
1016 1566 1097 1626 calor
1119 1567 1239 1627 cerebri

213 1654 289 1713 illud
304 1653 361 1714 sibi
376 1653 500 1712 attrahit
515 1656 545 1712 et
559 1656 649 1727 tenet,
665 1655 696 1711 ct
709 1671 778 1711 mox
793 1653 883 1712 etiam
897 1672 980 1714 renes
996 1655 1129 1714 eiusdem
1143 1657 1237 1715 muli·

214 1744 270 1804 eris
281 1743 505 1819 contrahuntur,
514 1746 545 1801 et
554 1741 653 1801 omnia
661 1741 801 1818 membra,
813 1761 889 1818 quae
897 1742 929 1800 in
938 1746 1090 1804 menstruo
1098 1749 1236 1822 tempore

213 1833 250 1892 cd
273 1834 454 1909 opertionem
475 1833 580 1908 parata
601 1833 679 1906 sunt,
703 1831 791 1890 modo
814 1831 858 1889 ita
881 1831 1069 1905 clauduntur,
1093 1835 1237 1910 quemad·

212 1923 333 1982 modum
357 1923 443 1982 fortis
466 1922 513 1980 vir
534 1939 597 1978 rem
620 1920 750 1997 aliquem
772 1921 804 1978 in
831 1940 922 1978 manu
948 1939 1002 1980 sua
1026 1923 1147 1987 claudit.
1194 1923 1235 1982 Et

172 2024 201 2068 20
214 2012 317 2071 deinde
339 2014 508 2070 menstruus
531 2011 651 2086 sanguis
673 2027 770 2068 semen
792 2009 849 2068 hoc
871 2010 1040 2069 commiscet
1063 2015 1094 2070 et
1113 2013 1234 2090 sangui·

212 2120 301 2160 neum
323 2100 396 2160 facit
418 2103 447 2159 et
474 2100 614 2158 incarnat.
659 2097 698 2156 Et
728 2101 888 2174 postquam
918 2117 984 2158 caro
1016 2101 1117 2176 fuerit,
1152 2101 1233 2160 idem

213 2189 332 2265 sanguis
354 2188 509 2248 vesculum
531 2187 577 2245 illi
600 2186 796 2247 circumducit
817 2190 854 2246 ut
875 2189 1061 2261 vermiculus,
1097 2191 1150 2266 qui
1173 2191 1234 2250 sibi

213 2279 249 2337 de
272 2297 302 2336 se
323 2278 388 2354 ipso
413 2278 534 2337 domum
548 2279 642 2352 parat.
680 2275 725 2335 Ac
740 2277 781 2336 sic
796 2277 950 2335 vasculum
973 2278 1049 2336 illud
1071 2278 1107 2338 de
1130 2280 1178 2338 die
1199 2281 1231 2338 in

213 2367 292 2426 diem
313 2369 406 2443 parat
431 2383 585 2443 quousque
607 2365 695 2424 homo
718 2365 750 2422 in
773 2384 807 2424 eo
835 2367 981 2426 formetur
1003 2370 1034 2426 et
1056 2367 1129 2428 dum
1151 2369 1231 2429 idam

172 2468 199 2515 25
212 2457 300 2516 homo
324 2456 506 2532 spiraculum
528 2456 608 2513 vitae
630 2453 746 2530 accipit,
778 2457 868 2530 atque
896 2455 1000 2515 deinde
1030 2475 1099 2516 curn
1129 2459 1232 2518 eodem

212 2546 330 2605 homine
354 2545 459 2606 crescit
481 2548 511 2604 et
532 2547 595 2602 tam
615 2543 743 2602 firmiter
764 2543 925 2617 stabilitur,
949 2547 1029 2621 quod
1052 2564 1083 2606 se
1106 2547 1142 2606 de
1164 2548 1230 2607 loco

212 2653 266 2694 suo
288 2653 407 2696 movere
429 2653 488 2694 non
510 2635 608 2709 potest
628 2649 723 2708 usque
747 2632 783 2691 ad
806 2633 918 2692 exitum
941 2635 1072 2694 eiusdem
1094 2635 1230 2699 hominis.

278 2724 323 2784 De
345 2725 420 2786 Eva.
465 2723 567 2781 Prima
597 2722 677 2780 enim
708 2723 803 2780 mater
831 2721 954 2781 humani
985 2725 1100 2800 generis
1133 2727 1231 2801 posita

213 2815 276 2871 erct
299 2813 336 2872 ad
358 2811 584 2873 similitudinem
605 2810 739 2883 aetheris,
764 2811 836 2887 quia
858 2814 894 2870 ut
916 2811 1017 2871 aether
1039 2815 1139 2873 stellas
1154 2815 1228 2874 inte-

171 2914 199 2958 so
212 2919 281 2979 gras
302 2902 334 2961 in
356 2920 387 2961 se
410 2900 548 2976 continet,
582 2900 625 2958 sic
651 2901 716 2974 ipsa
748 2899 866 2976 integra
899 2905 930 2960 et
962 2901 1136 2979 incorrupta
1171 2905 1231 2964 sine

212 2990 313 3050 dolore
336 3009 429 3068 genus
451 2989 615 3049 humanum
637 2989 668 3046 in
691 3006 721 3047 se
744 2988 878 3065 habebat,
901 3007 970 3048 cum
993 2991 1021 3049 ei
1043 2991 1157 3051 dictum
1174 2997 1230 3053 est:

213 3080 365 3139 crescite
388 3083 423 3138 et
444 3077 754 3154 multiplicamini.
788 3078 828 3137 Et
842 3078 898 3138 hoc
912 3078 944 3137 iu
959 3080 1047 3155 pleno
1068 3080 1169 3140 dolore
1188 3081 1229 3145 fit.

278 3169 324 3228 Dc
346 3173 493 3242 conceptu.
531 3165 607 3226 Nam
629 3166 740 3224 femina
762 3169 806 3226 est
828 3186 906 3227 nnnc
928 3169 1013 3228 velut
1036 3173 1116 3229 terra
1131 3174 1229 3230 aratro

213 3260 294 3316 arata
324 3261 354 3317 et
385 3276 483 3318 semen
514 3257 573 3317 viri
603 3255 728 3331 suscipit
754 3259 784 3316 et
811 3257 842 3316 in
870 3258 1043 3334 sanguinem
1070 3278 1160 3318 suum
1187 3261 1227 3318 in·

170 3358 198 3403 35
212 3347 308 3407 volvit
331 3350 361 3406 et
383 3349 479 3407 calore
511 3366 564 3407 suo
596 3345 738 3421 calefacit,
772 3348 802 3404 θη
833 3346 874 3405 sic
905 3347 982 3406 illud
1014 3349 1126 3424 crescit,
1157 3349 1228 3408 dum

211 3437 393 3513 spiraculum
415 3437 494 3497 vitoe
516 3437 547 3495 in
569 3435 667 3511 ipsum
691 3435 825 3494 mittitur
847 3438 878 3494 et
900 3436 972 3494 dum
988 3439 1139 3496 maturum
1153 3441 1226 3497 tem·

211 3545 268 3603 pus
290 3527 381 3603 venit,
403 3530 440 3586 ut
462 3525 611 3603 procedat.
1308 3504 1311 3584 i
