2680 3938
191 119 232 177 14
578 95 824 166 ernoscseors

189 296 306 368 tribuit,
330 295 382 354 sed
403 314 462 355 non
487 292 624 354 omnibus
647 295 765 371 aequali
779 294 876 354 modo.
911 293 987 354 Nam
1002 295 1033 354 in
1048 295 1226 358 medietate
1325 380 1326 385 η

189 389 285 445 terrae
308 384 487 445 fortissimus
510 387 567 458 est,
596 387 627 443 et
653 383 696 442 ibi
722 390 803 444 terra
826 384 861 442 de
885 384 945 444 sole
968 385 1130 444 fortissima
1154 391 1221 460 est,

189 479 219 534 et
247 475 346 532 omnia
374 477 436 556 tam
464 474 495 532 in
523 474 624 532 fructu
647 492 737 550 quam
760 474 792 532 in
814 472 990 533 animalibus
1013 472 1057 533 ibi
1079 474 1219 536 fortiora
1323 488 1324 553 Τ

188 564 259 623 sunt
282 582 372 638 quem
394 564 426 622 in
449 563 515 622 aliis
538 563 620 625 loeis.
652 561 728 622 Cum
751 563 829 621 enim
852 563 897 621 sol
918 562 950 632 in
966 562 1095 623 diversas
1110 566 1218 624 terras

160 652 306 728 slongius
337 671 367 711 se
396 653 524 730 spargit,
553 650 596 710 ibi
625 651 655 710 in
684 652 822 710 descensu
849 655 998 711 terrarum
1021 653 1052 714 et
1073 654 1153 712 terra
1177 657 1216 714 et

188 741 304 800 fructus
327 744 422 802 terrae
445 745 476 800 et
498 740 647 812 animalia,
680 759 756 816 quae
783 740 827 800 ibi
854 742 936 816 suut,
968 740 1112 801 debiliora
1135 747 1214 804 sunt

184 823 278 906 ‘quam
300 831 332 889 in
354 831 511 890 medietate
534 833 638 890 terrae.
678 829 791 888 Vinum
814 829 892 888 enim
914 849 1056 906 magnum
1079 831 1213 892 ociorem

188 921 305 995 quaerit
328 922 358 979 et
381 921 416 980 de
440 920 535 979 colore
559 919 670 990 crescit,
694 925 725 978 et
746 918 777 976 in
800 920 887 994 terra
909 919 963 977 ubi
984 938 1109 997 magnus
1125 920 1212 980 calor

187 1009 257 1069 solis
281 1011 339 1085 est,
364 1010 467 1069 vinum
491 1009 570 1066 forte
594 1010 647 1070 est.
691 1007 888 1068 Frumentum
912 1008 1001 1067 etiam
1024 1010 1152 1068 calorem
1177 1013 1211 1069 et

147 1111 174 1156 10
187 1099 283 1174 frigus
311 1098 441 1173 quaerit,
470 1098 499 1155 et
521 1096 574 1155 ubi
597 1096 677 1155 calor
699 1097 770 1156 solis
793 1099 824 1156 et
847 1097 935 1156 etiam
959 1098 1055 1174 frigus
1077 1101 1136 1174 est,
1163 1098 1208 1157 ibi

187 1187 370 1246 frumentum
393 1185 553 1245 habundat.

253 1277 298 1336 De
327 1275 481 1347 fructuum
514 1275 693 1347 differentia.
749 1274 789 1333 ut
819 1274 966 1349 quaedam
996 1278 1093 1335 terrae
1125 1279 1210 1354 sunt,

187 1383 263 1441 quae
296 1364 421 1437 calidae,
456 1364 613 1440 quaedem,
648 1382 724 1440 quae
759 1362 899 1440 frigidae,
934 1364 1094 1439 quaedam,
1130 1385 1210 1442 quaa

186 1453 303 1529 tepidae
319 1455 397 1514 sunt.
431 1453 471 1512 Et
493 1454 655 1512 secundum
676 1452 732 1512 hoc
754 1452 893 1528 homines,
919 1453 1063 1529 animalia,
1087 1453 1209 1516 fructus

146 1554 173 1598 15
186 1546 283 1601 terrae
306 1545 384 1619 sunt,
414 1545 444 1603 et
467 1545 566 1601 temen
589 1541 687 1602 omnia
709 1542 798 1602 unius
821 1542 937 1618 generis
960 1546 1039 1618 sunt,
1068 1544 1207 1618 quamvis

185 1631 234 1690 hic
256 1631 398 1691 maiorem
421 1631 490 1706 vim,
513 1632 557 1690 ibi
578 1633 724 1691 minorem
747 1631 783 1690 de
805 1631 837 1691 vi
859 1631 931 1691 solis
953 1630 1073 1692 habent.

252 1721 297 1780 De
317 1721 503 1794 firmamenti
522 1722 672 1793 firmitate.
706 1720 942 1779 Firmamentum
966 1724 1086 1797 quoque
1109 1722 1204 1781 stellis

186 1810 362 1886 continetur,
385 1813 465 1884 (ne)
486 1810 645 1882 dilabatur,
669 1810 753 1870 velut
774 1809 863 1869 homo
879 1829 898 1870 a
912 1810 994 1869 venis
1011 1814 1208 1888 sustentetur,

185 1919 221 1958 ne
254 1899 372 1959 diffluat
398 1902 429 1959 et
454 1919 491 1958 ne
518 1902 683 1976 separetur.
728 1899 769 1958 ut
795 1902 831 1958 ut
857 1918 948 1959 venae
970 1903 1071 1960 totum
1095 1917 1202 1975 corpus

144 1998 172 2044 20
185 1989 313 2049 hominis
336 2008 354 2047 a
380 1991 454 2064 pede
482 2007 577 2064 usque
604 1989 642 2048 ad
670 1991 761 2064 caput
788 1991 1010 2064 pertranseunt,
1041 1989 1082 2048 sio
1113 1989 1203 2048 etiam

186 2078 288 2138 stellae
311 2078 540 2141 firmamentum.
585 2078 624 2138 Et
647 2077 897 2155 quemadmodum
921 2078 1042 2154 sanguis
1065 2078 1098 2136 in
1120 2079 1203 2138 venis

185 2169 335 2242 movetur,
363 2168 393 2225 et
419 2169 455 2226 ut
477 2168 597 2242 sanguis
621 2185 668 2226 eas
691 2169 791 2228 movet
814 2171 844 2226 et
867 2166 954 2226 salire
978 2167 1108 2226 otiatus
1133 2166 1203 2226 dare

185 2257 267 2327 facit,
296 2256 340 2315 ita
363 2254 452 2315 etium
476 2256 553 2332 ignis
580 2257 611 2315 in
639 2256 732 2314 stellis
754 2258 891 2315 movetur
914 2258 944 2314 et
966 2273 1014 2314 eas
1037 2255 1151 2315 moveri
1174 2261 1209 2315 et

187 2344 329 2420 quasdem
353 2345 496 2404 scintillas
518 2345 603 2404 velut
625 2345 768 2420 quosdam
792 2345 885 2404 saltus
914 2348 944 2403 et
966 2345 1045 2404 ictus
1068 2346 1205 2404 emittere

145 2435 266 2494 coiecit.
311 2434 352 2493 Et
373 2433 430 2493 hoc
453 2453 622 2494 communes
645 2434 747 2494 stellae
770 2438 852 2506 sunt,
881 2452 957 2509 quae
980 2435 1067 2493 velut
1089 2435 1206 2510 aliquas

185 2523 329 2599 procellas
361 2523 392 2582 in
423 2541 454 2584 se
486 2523 611 2599 faciunt,
645 2523 804 2583 secundum
834 2523 914 2600 quod
937 2541 1027 2598 opera
1049 2523 1204 2583 hominum

185 2618 257 2671 tunc
288 2614 367 2672 sunt.
415 2611 470 2672 Sed
502 2613 637 2689 planetae
668 2612 711 2670 ita
741 2612 858 2672 diverso
887 2611 974 2672 modo
1002 2630 1116 2686 semper
1145 2631 1204 2670 nou

185 2706 351 2774 moventur,
374 2702 431 2760 nisi
453 2701 615 2761 secundum
638 2701 719 2777 quod
743 2721 760 2760 a
783 2702 843 2761 sole
867 2704 897 2760 et
919 2695 937 2759 a
960 2702 1031 2759 lune
1055 2701 1213 2777 accipiunt
1326 2735 1327 2744 κ

186 2796 217 2848 et
247 2793 283 2848 ut
313 2791 366 2849 illa
398 2791 482 2868 signa
512 2791 624 2850 maiora
657 2791 821 2867 designant.
866 2790 914 2849 Ab
943 2809 977 2849 eo
1007 2794 1106 2850 eutem
1130 2791 1203 2864 loco,

144 2889 171 2934 30
186 2897 246 2955 quo
270 2879 419 2955 quaelibet
441 2881 528 2940 stella
549 2881 645 2955 posita
669 2884 726 2954 est,
760 2880 802 2938 ite
830 2897 947 2938 sursum
975 2883 1074 2938 totum
1101 2880 1203 2937 firma-

185 2972 320 3027 mentum
342 2970 456 3040 transit,
480 2958 565 3028 ¹uelut
587 2970 678 3028 etiam
700 2988 787 3044 rena,
811 2987 886 3043 quae
909 2987 926 3026 a
948 2967 1023 3043 pede
1046 2987 1141 3044 usque
1163 2967 1201 3026 ad

186 3060 276 3132 caput
303 3057 431 3117 hominis
461 3057 600 3118 ascendit
645 3057 685 3116 Et
708 3058 789 3116 omni
810 3057 995 3117 firmamento
1019 3058 1211 3133 splendorem,

186 3151 216 3204 et
248 3147 374 3206 calorem
405 3147 558 3218 tribuunt,
590 3146 843 3222 quemadmodum
873 3147 960 3205 etiam
992 3166 1095 3220 venae,
1128 3165 1203 3222 quae
1326 3199 1327 3232 ,

186 3236 268 3294 iecur
290 3236 418 3296 hominis
434 3237 597 3311 transeunt,
621 3235 716 3294 eidem
731 3235 824 3294 ieeuri
840 3236 1014 3312 sanguinem
1031 3239 1061 3295 et
1076 3237 1203 3296 calorem
1326 3287 1327 3296 ,

145 3333 173 3378 35
189 3324 268 3388 dant.
313 3326 353 3385 Et
383 3345 436 3401 per
468 3329 567 3387 totum
597 3325 816 3384 firmamentum
847 3325 960 3400 positae
987 3326 1057 3383 sunt
1084 3327 1114 3383 et
1140 3329 1202 3384 tam
1323 3337 1327 3409 ,i

184 3414 257 3488 (in)
282 3414 467 3476 firmamento
489 3416 551 3490 iilo,
575 3414 656 3490 quod
678 3415 709 3473 in
733 3414 780 3472 die
802 3412 949 3489 videmus,
974 3433 1064 3489 quam
1086 3413 1118 3471 in
1139 3413 1201 3484 illo,

186 3503 266 3579 quod
293 3505 324 3564 in
346 3507 433 3564 noete
456 3504 609 3565 cernimus.
654 3503 712 3563 Sed
734 3499 836 3563 stellae
859 3523 876 3560 a
898 3502 1025 3561 maximo
1048 3500 1211 3576 splendore*
1323 3542 1325 3599 ἰ
