2662 3932
179 208 240 267 142
565 199 811 256 HILDEGARDIS

179 387 220 444 sic
244 386 333 444 etiam
355 385 457 444 vinum
475 384 585 460 absque
600 383 779 442 admixtione
795 401 889 458 aquae
904 382 1033 442 bibitum
1048 385 1210 443 hominem

178 477 274 534 torret
297 477 327 533 et
349 473 441 532 laedit
463 491 497 532 ae
520 475 546 532 ei
570 473 726 532 sanitatem
750 473 879 546 corporis
907 472 1018 531 minuit
1045 477 1076 532 et
1103 473 1206 533 deleo-

177 564 321 622 tationem
344 563 439 621 oamis
461 562 558 621 infert.
603 562 643 620 llt
665 561 760 620 omnis
784 561 866 620 cibus
894 563 924 620 et
954 564 1045 636 potus
1076 561 1207 622 honeste

179 656 209 711 et
230 655 391 728 temperate
415 655 445 710 et
466 651 616 710 moderate
632 653 775 725 sumatur,
800 669 835 708 ne
851 649 939 711 homo
955 650 1079 710 diversis
1093 651 1206 711 humo·

150 741 270 816 5ribus,
304 741 411 818 quiin
434 741 493 799 illis
516 742 593 811 sunt,
625 740 798 799 debilitetur
831 743 860 797 et
892 759 928 798 ne
951 742 1058 797 natura
1081 741 1144 800 eius
1171 741 1205 800 in

178 831 385 890 contrarietate
402 830 603 888 delectationis
619 829 741 888 modum
757 846 845 886 suurn
862 829 990 903 excedat,
1007 829 1097 904 quod,
1122 830 1206 889 sicut

177 923 256 978 terra
279 920 316 978 ad
339 919 522 978 fertilitatem
545 918 701 977 fructuum
728 917 865 992 laeditur,
900 917 924 974 si
959 935 1023 974 eam
1057 919 1102 976 sol
1136 919 1205 978 sine

177 1009 321 1085 temperie
344 1009 419 1066 aeris
442 1012 472 1067 et
493 1008 569 1066 roris
591 1007 783 1066 immoderate
798 1006 922 1082 perurit,
945 1007 988 1064 ita
1004 1006 1092 1064 etiam
1107 1007 1204 1067 homo

179 1098 213 1156 ad
248 1098 401 1157 sanitatem
426 1096 557 1172 corporis
579 1096 709 1155 laeditur
739 1097 768 1154 et
796 1096 833 1153 ad
857 1095 1080 1154 delectationem
1103 1097 1204 1157 camis

138 1197 165 1242 10
179 1187 331 1261 excitatur,
355 1187 380 1244 si
404 1186 539 1244 ardorem
563 1185 696 1244 ciborum
717 1186 746 1242 et
765 1188 892 1259 potuum
912 1185 1107 1243 immoderate
1122 1187 1153 1243 in
1170 1205 1205 1245 se

177 1276 311 1335 traxerit.
359 1275 445 1332 Etsi
468 1292 555 1333 sanus
578 1277 621 1333 est
644 1293 773 1349 corpore,
797 1273 827 1330 in
851 1273 916 1331 cibo
940 1277 969 1332 et
991 1276 1068 1348 potu
1092 1293 1123 1334 se
1146 1273 1201 1333 ob·

179 1368 284 1438 servet,
309 1365 343 1422 ut
364 1362 547 1439 praedictum
571 1364 622 1433 est,
657 1363 797 1439 quatinus
832 1380 920 1421 sanus
950 1367 1135 1436 permaneat;
1172 1365 1201 1423 si

179 1456 278 1511 autem
290 1451 394 1511 debilis
406 1455 457 1527 est,
473 1471 524 1511 esu
541 1453 673 1511 carnium
689 1451 839 1510 moderate
850 1457 881 1510 et
898 1452 1021 1510 discrete
1039 1455 1204 1530 recreetur,

178 1543 227 1601 sed
249 1545 347 1600 tamen
370 1542 486 1600 nullum
509 1542 613 1600 vinum
635 1541 725 1616 bibat,
749 1541 805 1599 nisi
829 1560 906 1616 aqua
927 1541 1119 1615 permixtum.

139 1641 166 1686 15
247 1631 291 1689 De
314 1630 497 1705 cogitatione.
543 1629 600 1688 Sed
632 1631 785 1705 praefatus
817 1630 920 1688 ardens
944 1633 1059 1704 ventus,
1084 1631 1140 1710 qui
1163 1629 1204 1689 ad

179 1719 402 1779 delectationem
425 1721 520 1778 carnis
545 1739 579 1776 ex
594 1720 723 1778 medulla
742 1719 868 1777 hominis
884 1718 991 1795 surgit,
1016 1738 1106 1778 vanas
1122 1720 1203 1796 cogi·

150 1849 154 1858 ·
179 1809 304 1869 tationes
328 1811 417 1869 etiam
438 1809 590 1868 interdum
617 1809 743 1867 advocat
773 1811 803 1866 et
832 1807 979 1883 producit,
1011 1826 1079 1866 oum
1112 1808 1203 1868 homo

180 1899 299 1976 cogitat,
324 1899 396 1975 quid
419 1898 458 1957 sit
481 1901 509 1956 et
532 1897 609 1956 unde
632 1898 672 1956 sit
695 1900 724 1956 et
748 1897 814 1972 quis
838 1899 944 1972 gustus
967 1896 1019 1955 ille
1035 1897 1082 1969 sit,
1108 1916 1202 1973 quem

178 1989 210 2046 in
232 1988 462 2065 transgressione
484 1987 634 2062 praecepti
658 1987 706 2044 dei
727 2005 780 2061 per
801 2003 924 2061 pomum
939 1985 996 2044 sibi
1011 1985 1110 2044 Adam
1134 2005 1202 2046 con·

139 2076 279 2140 retraxit.
303 2081 356 2135 aut
379 2095 445 2134 cum
475 2075 588 2150 aliquid
615 2075 696 2134 videt
723 2078 775 2133 eut
806 2074 897 2146 audit,
929 2075 1007 2132 unde
1040 2075 1201 2135 delectatio

180 2166 206 2224 ei
230 2165 367 2224 occurrit.
405 2165 488 2223 Tunc
511 2165 599 2222 etiam
620 2183 673 2238 per
689 2163 863 2222 diabolicam
880 2164 1102 2240 suggestionem
1119 2166 1201 2242 cogi·

179 2253 307 2312 tationes
322 2254 395 2313 istae
411 2254 495 2328 quasi
506 2257 614 2312 nutum
626 2252 758 2312 faciendo
775 2253 831 2311 sibi
847 2272 881 2311 ex
896 2252 1027 2310 medulla
1042 2254 1203 2314 attrahunt

180 2343 365 2418 praedictum
397 2343 548 2400 ardentem
577 2346 701 2401 ventum
734 2342 950 2418 delectationis,
979 2343 1021 2400 ita
1045 2343 1127 2418 quod
1150 2344 1203 2402 ille

182 2431 280 2508 surgit
303 2435 332 2490 et
354 2435 457 2507 pectus
477 2431 583 2490 transit
604 2449 637 2489 ac
658 2431 811 2489 cerebrum
831 2432 929 2506 tangit
952 2434 1042 2506 atque
1064 2431 1148 2490 iecur
1171 2435 1202 2491 et

141 2527 169 2574 25
183 2539 233 2580 cor
255 2520 405 2596 transfigit
429 2524 459 2579 et
481 2521 512 2577 in
536 2520 676 2597 genitalia
699 2520 831 2577 membra
854 2520 941 2595 eadit,
964 2522 1000 2578 ut
1014 2519 1202 2595 praedictum

179 2613 233 2669 est.
273 2610 311 2669 Et
333 2610 374 2668 sio
402 2609 461 2668 illis
485 2610 637 2687 contingit,
663 2609 716 2684 qui
733 2609 957 2668 delectationem
973 2627 1057 2668 suam
1074 2611 1203 2685 cupiunt

182 2718 270 2774 opere
296 2699 419 2774 explere.
850 2768 852 2774 ‚

248 2788 294 2847 De
309 2793 457 2846 nectareo
472 2789 668 2860 oppressione.
706 2785 881 2846 Multotiens
905 2791 1005 2845 autem
1029 2805 1097 2846 cum
1112 2787 1202 2847 homo

183 2876 299 2951 dormit,
324 2877 450 2951 sanguis,
467 2877 565 2953 quiin
582 2895 616 2935 eo
633 2880 684 2950 est,
701 2876 737 2935 de
753 2877 822 2952 igne
837 2875 984 2934 medullae
1000 2877 1063 2936 eius
1079 2876 1200 2936 fortiter

140 2973 168 3020 30
182 2965 276 3039 ardet,
308 2969 337 3024 et
359 2965 400 3024 sic
428 2966 463 3023 de
491 2966 588 3024 calore
611 2965 761 3042 sanguinis
784 2984 869 3040 aqua,
897 2984 974 3040 quae
1002 2965 1033 3023 in
1056 2967 1200 3042 sanguine

183 3056 234 3126 est,
258 3054 429 3113 exsiccatur.
474 3054 513 3113 llt
536 3059 608 3114 tuno
630 3056 719 3113 etiam
743 3054 888 3113 diabolica
911 3073 971 3129 ars,
1003 3074 1079 3130 quae
1103 3058 1148 3114 est
1169 3055 1201 3112 in

180 3144 278 3218 prima
300 3143 486 3219 suggestione
517 3143 629 3217 primae
658 3143 886 3220 coagulationis,
921 3161 990 3202 cum
1018 3144 1107 3203 homo
1132 3162 1201 3202 con-

182 3232 300 3307 oipitur‚
338 3251 368 3299 se
401 3232 559 3307 aliquando
593 3233 783 3308 permissione
818 3232 865 3290 dei
899 3251 1016 3292 sursum
1051 3233 1141 3310 erigit
1172 3235 1204 3292 et

181 3324 384 3396 tempestatem
418 3322 494 3381 circa
526 3322 676 3380 hominem
709 3322 780 3380 facit
806 3340 947 3397 pavorem
979 3322 1006 3380 ei
1033 3322 1064 3379 in
1092 3322 1203 3382 somnis

140 3418 168 3464 85
181 3411 365 3485 incutiendo,
395 3429 425 3469 se
449 3411 587 3470 videlicet
609 3430 663 3487 per
686 3412 907 3486 oppressionem
932 3410 1073 3470 fantasiae
1100 3415 1202 3470 osten·

182 3499 276 3559 dendo
299 3500 384 3558 velut
405 3500 447 3558 ibi
470 3500 520 3572 ait;
545 3503 575 3560 et
590 3504 687 3559 tamen
702 3501 744 3558 ibi
760 3520 818 3559 non
835 3504 886 3574 est,
911 3500 982 3575 quia
1004 3500 1029 3559 si
1051 3499 1095 3558 ibi
1118 3503 1202 3572 asset,

180 3587 270 3647 homo
294 3589 400 3646 durare
423 3608 482 3647 non
504 3592 615 3665 posset3
639 3589 716 3648 sicut
736 3590 824 3648 etiam
840 3589 973 3648 tonitrua
988 3589 1110 3664 faciunt,
1133 3603 1203 3647 oum
1228 3624 1230 3630 ·
