2668 3924
364 154 506 212 causeo
525 153 571 211 ΕΤ
591 153 712 210 ΟΠΒΔΕ
731 156 798 212 LIB.
818 153 851 208 V.
1051 161 1112 220 221

96 337 152 396 sub
169 356 203 396 ea
219 339 295 398 cutis
309 339 404 399 rideri
424 358 485 398 non
497 339 586 411 valet,
608 343 645 399 ut
666 340 697 398 in
712 339 804 399 rubeo
828 360 926 416 pomo,
950 338 1005 400 sub
1029 341 1115 398 cuius

101 426 244 486 rubedine
263 427 347 487 nulla
362 428 438 488 cutis
452 427 580 500 videtur,
603 428 655 488 sed
668 433 786 488 tantum
808 431 945 506 superius
969 428 1116 506 quaedam

20 569 21 576 ,
97 515 223 588 rubedc;
257 520 287 576 et
322 517 379 576 iste
411 517 470 578 cito
500 516 708 592 infirmabitur,
740 520 769 578 et
798 537 878 578 mors
910 519 1115 594 subsequetur.

97 603 219 664 Rubeus
240 606 318 665 enim
334 608 414 666 color
428 607 484 665 iste
499 606 531 664 in
546 607 630 684 genis
645 626 733 683 super
755 609 854 666 cutem
875 609 972 668 iacens
995 608 1115 684 igneum

20 703 21 706 ’
96 693 247 767 spiramen
265 695 344 756 vitae
366 698 480 755 animae
502 697 555 771 est,
578 697 720 772 quoniam
742 697 839 756 anima
860 697 892 755 in
914 696 1033 756 homine
1057 696 1141 754 illos

20 785 21 796 ¹
98 782 161 840 vim
183 801 268 842 suam
287 786 370 844 extra
390 802 496 859 corpus
518 802 605 843 suum
629 785 811 845 demonstrat
834 789 864 844 et
886 805 917 846 se
938 786 969 844 in
993 801 1115 860 corpore

99 871 225 932 debilem
254 876 285 932 et
310 875 453 934 incertam
477 874 617 948 ostendit,
645 876 728 934 velut
749 874 855 947 homo,
883 875 937 952 qui
963 874 1116 933 interdum

20 1021 21 1042 ,
98 960 137 1018 ad
155 961 274 1021 ianuam
291 962 395 1022 domus
411 981 480 1022 auae
495 962 637 1039 procedit,
661 983 728 1023 cum
752 963 787 1022 de
810 983 844 1022 ea
867 981 1039 1041 egressurus
1062 966 1114 1024 est.

20 1043 21 1130 f
164 1051 242 1110 Item
273 1052 309 1111 dc
339 1052 426 1127 elprae
457 1053 569 1117 mortis.
620 1052 685 1112 Vox
717 1072 851 1130 quoque,
887 1071 975 1129 quae·
999 1070 1115 1127 semper

20 1139 21 1182 l
97 1157 200 1198 serena
221 1141 253 1198 in
268 1140 369 1216 aliquo
383 1135 502 1200 bomine
516 1141 584 1216 tuit,
608 1145 638 1202 et
658 1161 726 1202 cum
741 1142 793 1201 ille
808 1142 905 1201 adhuc
921 1159 1008 1200 sanus
1023 1143 1115 1216 atque
1129 1151 1156 1196 10

20 1219 21 1238 ²
97 1228 294 1289 infirmitate
317 1234 369 1307 est,
392 1231 417 1289 si
440 1232 513 1289 tunc
536 1230 638 1290 eadam
660 1250 718 1291 vox
738 1232 770 1290 in
791 1231 923 1308 aliquam
941 1230 1116 1290 raucitatem

98 1321 242 1389 mutatur,
273 1319 316 1378 ita
348 1319 428 1396 quod
460 1319 549 1378 homo
573 1320 623 1380 ille
645 1326 719 1380 tunc
741 1339 849 1380 raucus
871 1325 971 1379 manet
992 1320 1023 1377 in
1047 1337 1113 1378 con·
1170 1329 1172 1336 “

97 1407 254 1466 suetudine
289 1408 400 1484 absque
435 1409 535 1485 aliqua
573 1409 758 1469 infirmitate:
797 1417 925 1468 mortem
961 1408 1115 1485 significat,

97 1496 182 1555 velut
204 1497 230 1556 si
253 1515 354 1556 serena
376 1497 492 1568 bucina,
517 1517 593 1574 quae
608 1499 717 1557 claram
732 1517 832 1557 vocem
849 1517 963 1574 semper
978 1496 1115 1572 reddidit,

98 1585 311 1662 aliquomodo
343 1587 552 1662 corrumpitur,
584 1588 616 1647 in
647 1588 823 1660 raucitatem
857 1589 995 1648 vertitur.
1040 1583 1116 1643 Nam
1130 1595 1157 1639 15

98 1673 151 1733 ubi
172 1693 231 1735 vox
253 1675 284 1734 in
306 1674 424 1734 homine
447 1694 562 1752 semper
583 1695 684 1736 serena
706 1677 773 1752 tuit,
796 1676 853 1736 hoc
874 1677 1003 1752 impetus
1026 1675 1115 1734 scien·

98 1763 158 1823 tiae
182 1763 263 1840 fecit,
291 1765 432 1840 quoniam
454 1765 486 1822 in
509 1766 576 1824 sede
599 1785 653 1824 sua
675 1766 728 1824 diu
751 1784 868 1824 manere
891 1765 1005 1840 debuit,
1036 1763 1116 1823 unde

20 1849 21 1868 .
98 1856 128 1911 et
158 1852 237 1912 idem
268 1853 357 1913 homo
390 1854 503 1930 sapiens
526 1857 582 1926 est3
615 1855 669 1931 qui
700 1855 725 1914 si
757 1853 868 1931 absque
889 1852 1063 1912 infirmitate
1085 1853 1116 1910 in

97 1941 278 2002 immobilem
301 1942 476 2002 raucitatem
501 1945 638 2015 vertitur,
663 1944 706 2003 ibi
728 1945 825 2002 anima
846 1945 1005 2019 praeparat
1026 1959 1056 2000 se
1078 1941 1116 1999 ad

21 2067 22 2086 .
97 2031 155 2090 iter
177 2033 244 2104 boc,
268 2033 349 2109 quod
372 2051 479 2108 corpus
501 2051 589 2092 suum
612 2032 741 2105 deeerat;
771 2036 801 2092 et
823 2051 888 2108 vox,
919 2051 995 2108 quae
1018 2048 1116 2101 rauca,
1130 2039 1158 2085 ao

98 2120 129 2179 id
161 2124 206 2180 est
230 2120 415 2192 obumbrata,
442 2122 473 2180 in
495 2121 613 2181 homine
636 2141 706 2182 sano
728 2140 844 2197 semper
864 2121 925 2180 fuit
945 2121 977 2179 in
1000 2137 1116 2179 consue·

21 2273 22 2276 Ἴ
96 2209 201 2268 tudine
237 2211 347 2287 absque
378 2211 551 2269 infirmitate
582 2211 673 2282 illius,
705 2211 730 2270 si
762 2213 836 2270 tunc
864 2211 895 2269 in
928 2209 1116 2271 serenitatem

96 2301 239 2371 mutatur,
273 2299 318 2358 ita
348 2300 428 2377 quod
458 2299 546 2358 homo
574 2299 625 2358 ille
647 2299 839 2376 postmodum
862 2318 994 2358 serenam
1015 2316 1117 2358 vocem

21 2415 22 2444 r
97 2388 126 2445 in
165 2389 377 2448 consuetudine
416 2387 505 2447 habet
537 2389 648 2465 absque
680 2389 738 2448 alia
772 2389 955 2448 infirmitate:
990 2390 1117 2447 mortem

97 2476 239 2554 designat,
267 2479 351 2537 uelut
373 2477 399 2536 si
420 2477 536 2537 inutilis
559 2477 674 2551 bucina,
699 2497 775 2554 quae
798 2497 915 2553 semper
936 2495 1027 2536 rauca
1048 2476 1116 2548 fuit,
1131 2485 1158 2530 25

97 2565 197 2642 aliquo
220 2566 309 2626 modo
332 2567 363 2626 in
385 2567 571 2626 serenitatem
593 2569 752 2642 coercetur,
775 2585 906 2626 serenam
920 2585 1022 2626 vocem
1037 2583 1114 2624 conr·

98 2655 185 2730 pulsa
209 2656 246 2714 ad
268 2655 373 2715 horam
397 2655 503 2730 reddit,
537 2674 613 2731 quae
646 2659 746 2714 tamen
780 2655 839 2716 cito
867 2655 947 2714 cadit
979 2659 1009 2714 et
1041 2652 1116 2712 silet

97 2742 157 2802 Ubi
185 2744 262 2802 enim
285 2763 341 2804 vox
366 2764 456 2804 rauca
479 2745 510 2804 in
525 2744 642 2803 homine
658 2748 702 2804 est
717 2744 826 2822 absque
841 2744 1013 2803 infirmitate
1027 2742 1116 2812 illius

96 2832 140 2890 ibi
161 2832 258 2890 anima
280 2833 360 2892 intra
383 2852 492 2910 corpus
514 2833 592 2892 illud
606 2834 675 2909 plus
689 2834 720 2892 in
736 2837 846 2894 secreto
861 2853 952 2909 quam
967 2832 997 2892 in
1013 2835 1116 2908 aperto

97 2927 179 2980 extra
200 2920 279 2980 idem
302 2940 411 2998 corpus
434 2925 588 2999 operatum
621 2923 700 2982 unde
731 2926 762 2982 et
783 2923 861 2982 idem
883 2923 972 2982 bomo
997 2924 1114 2982 astutus
1128 2931 1156 2976 eo

97 3014 149 3070 est.
195 3009 252 3069 Sed
267 3011 292 3070 si
307 3011 409 3070 eadem
424 3030 482 3070 vox
498 3011 608 3088 absque
623 3011 796 3072 infirmitate
811 3013 841 3071 in
857 3012 993 3072 stabilem
1008 3010 1115 3070 sereni·

96 3103 188 3159 tatem
213 3101 357 3171 mutatur,
389 3100 432 3160 ibi
459 3119 489 3160 se
512 3101 609 3160 anima
632 3102 690 3160 cito
714 3102 859 3160 exituram
883 3101 1021 3168 ostendit,
1049 3119 1117 3158 cum

97 3207 126 3248 se
148 3191 232 3247 extra
256 3188 335 3248 idem
358 3207 467 3265 corpus
490 3194 591 3265 aperte
614 3190 807 3263 demonstrat,
830 3209 898 3250 cum
920 3191 1005 3267 prius
1027 3189 1059 3247 in
1082 3207 1116 3246 eo

96 3279 215 3337 silenter
241 3277 427 3354 operabatur.
465 3278 522 3337 Sed
544 3282 575 3337 et
597 3298 665 3338 cum
687 3279 776 3339 homo
799 3279 830 3338 in
853 3280 964 3338 lectum
987 3278 1116 3337 deiectus

96 3367 271 3442 infirmatur,
311 3366 513 3445 qualicunque
536 3367 708 3426 infirmitate
735 3368 911 3443 detineatur,
940 3369 966 3426 si
994 3386 1061 3427 caro
1085 3367 1116 3424 in
1130 3378 1157 3422 35

97 3457 168 3516 facie
190 3457 309 3516 sufflata
342 3460 394 3532 est,
425 3460 462 3516 ut
484 3475 552 3516 caro
575 3457 661 3516 faciei
684 3457 856 3516 dormientis
879 3456 1016 3531 hominis,
1049 3475 1116 3515 cum

97 3544 130 3604 de
151 3563 253 3606 somno
285 3546 391 3623 surgit,
415 3551 445 3606 et
459 3546 484 3605 si
500 3546 579 3605 oculi
594 3546 657 3604 eius
671 3545 817 3620 perlucidi
831 3548 908 3621 sunt,
931 3549 968 3605 ut
983 3546 1116 3619 cisterna,
