<?xml version="1.0" encoding="UTF-8"?>
<!DOCTYPE html PUBLIC "-//W3C//DTD XHTML 1.0 Transitional//EN"
    "http://www.w3.org/TR/xhtml1/DTD/xhtml1-transitional.dtd">
<html xmlns="http://www.w3.org/1999/xhtml" xml:lang="en" lang="en">
 <head>
  <title>
</title>
<meta http-equiv="Content-Type" content="text/html;charset=utf-8" />
  <meta name='ocr-system' content='tesseract 3.04.00' />
  <meta name='ocr-capabilities' content='ocr_page ocr_carea ocr_par ocr_line ocrx_word'/>
</head>
<body>
  <div class='ocr_page' id='page_1' title='image "./hildegardiscaus00hildgoog_0139.png"; bbox 0 0 2662 3932; ppageno 0'>
   <div class='ocr_carea' id='block_1_1' title="bbox 185 115 814 180">
    <p class='ocr_par' dir='ltr' id='par_1_1' title="bbox 185 115 814 180">
     <span class='ocr_line' id='line_1_1' title="bbox 185 115 814 180; baseline 0.002 -10"><span class='ocrx_word' id='word_1_1' title='bbox 185 120 247 180; x_wconf 79' lang='lat'><strong>128</strong></span> <span class='ocrx_word' id='word_1_2' title='bbox 570 115 814 171; x_wconf 77' lang='lat' dir='ltr'><strong>HILDEGARDIS</strong></span> 
     </span>
    </p>
   </div>
   <div class='ocr_carea' id='block_1_2' title="bbox 120 296 1222 3588">
    <p class='ocr_par' dir='ltr' id='par_1_2' title="bbox 182 296 1222 643">
     <span class='ocr_line' id='line_1_2' title="bbox 182 296 1221 378; baseline 0.005 -20"><span class='ocrx_word' id='word_1_3' title='bbox 182 301 290 362; x_wconf 79' lang='lat' dir='ltr'><strong>metor.</strong></span> <span class='ocrx_word' id='word_1_4' title='bbox 334 296 409 356; x_wconf 85' lang='lat' dir='ltr'><strong>Nem</strong></span> <span class='ocrx_word' id='word_1_5' title='bbox 431 299 463 357; x_wconf 89' lang='lat' dir='ltr'><strong>in</strong></span> <span class='ocrx_word' id='word_1_6' title='bbox 484 297 608 359; x_wconf 84' lang='lat' dir='ltr'><strong>humide</strong></span> <span class='ocrx_word' id='word_1_7' title='bbox 628 303 660 359; x_wconf 79' lang='lat' dir='ltr'><strong>eb</strong></span> <span class='ocrx_word' id='word_1_8' title='bbox 681 301 712 360; x_wconf 87' lang='lat' dir='ltr'><strong>in</strong></span> <span class='ocrx_word' id='word_1_9' title='bbox 735 300 807 360; x_wconf 89' lang='lat' dir='ltr'><strong>bone</strong></span> <span class='ocrx_word' id='word_1_10' title='bbox 821 305 987 378; x_wconf 72' lang='lat' dir='ltr'><strong>temperabo</strong></span> <span class='ocrx_word' id='word_1_11' title='bbox 1002 319 1076 361; x_wconf 81' lang='lat' dir='ltr'><strong>euro</strong></span> <span class='ocrx_word' id='word_1_12' title='bbox 1094 303 1221 363; x_wconf 82' lang='lat' dir='ltr'><strong>oribus</strong></span> 
     </span>
     <span class='ocr_line' id='line_1_3' title="bbox 182 386 1222 465; baseline 0.004 -17"><span class='ocrx_word' id='word_1_13' title='bbox 182 407 256 448; x_wconf 83' lang='lat' dir='ltr'><strong>vene</strong></span> <span class='ocrx_word' id='word_1_14' title='bbox 283 386 438 447; x_wconf 80' lang='lat' dir='ltr'><strong>inridendo</strong></span> <span class='ocrx_word' id='word_1_15' title='bbox 465 392 522 463; x_wconf 78' lang='lat' dir='ltr'><strong>est,</strong></span> <span class='ocrx_word' id='word_1_16' title='bbox 554 389 696 465; x_wconf 79' lang='lat' dir='ltr'><strong>quonism</strong></span> <span class='ocrx_word' id='word_1_17' title='bbox 725 390 799 449; x_wconf 86' lang='lat' dir='ltr'><strong>meli</strong></span> <span class='ocrx_word' id='word_1_18' title='bbox 822 389 970 450; x_wconf 71' lang='lat' dir='ltr'><strong>&#39;humores</strong></span> <span class='ocrx_word' id='word_1_19' title='bbox 1005 390 1037 449; x_wconf 90' lang='lat' dir='ltr'><strong>in</strong></span> <span class='ocrx_word' id='word_1_20' title='bbox 1065 391 1108 451; x_wconf 89' lang='lat' dir='ltr'><strong>eis</strong></span> <span class='ocrx_word' id='word_1_21' title='bbox 1128 397 1222 452; x_wconf 80' lang='lat' dir='ltr'><strong>tunc</strong></span> 
     </span>
     <span class='ocr_line' id='line_1_4' title="bbox 183 477 1220 553; baseline 0.001 -15"><span class='ocrx_word' id='word_1_22' title='bbox 183 482 328 548; x_wconf 83' lang='lat' dir='ltr'><strong>oresount3</strong></span> <span class='ocrx_word' id='word_1_23' title='bbox 363 477 394 536; x_wconf 91' lang='lat' dir='ltr'><strong>in</strong></span> <span class='ocrx_word' id='word_1_24' title='bbox 425 477 501 536; x_wconf 65' lang='lat' dir='ltr'><strong>uoce</strong></span> <span class='ocrx_word' id='word_1_25' title='bbox 532 481 630 537; x_wconf 70' lang='lat' dir='ltr'><strong>eutem</strong></span> <span class='ocrx_word' id='word_1_26' title='bbox 664 498 737 538; x_wconf 83' lang='lat' dir='ltr'><strong>eure</strong></span> <span class='ocrx_word' id='word_1_27' title='bbox 773 479 878 538; x_wconf 87' lang='lat' dir='ltr'><strong>inoisio</strong></span> <span class='ocrx_word' id='word_1_28' title='bbox 909 479 968 540; x_wconf 77' lang='lat' dir='ltr'><strong>isio</strong></span> <span class='ocrx_word' id='word_1_29' title='bbox 994 480 1116 540; x_wconf 75' lang='lat' dir='ltr'><strong>ribendo</strong></span> <span class='ocrx_word' id='word_1_30' title='bbox 1154 485 1220 553; x_wconf 81' lang='lat' dir='ltr'><strong>est,</strong></span> 
     </span>
     <span class='ocr_line' id='line_1_5' title="bbox 183 564 905 643; baseline 0.007 -17"><span class='ocrx_word' id='word_1_31' title='bbox 183 567 323 643; x_wconf 76' lang='lat' dir='ltr'><strong>quonium</strong></span> <span class='ocrx_word' id='word_1_32' title='bbox 345 564 484 626; x_wconf 87' lang='lat' dir='ltr'><strong>humores</strong></span> <span class='ocrx_word' id='word_1_33' title='bbox 506 567 538 625; x_wconf 88' lang='lat' dir='ltr'><strong>in</strong></span> <span class='ocrx_word' id='word_1_34' title='bbox 559 568 601 626; x_wconf 86' lang='lat' dir='ltr'><strong>eis</strong></span> <span class='ocrx_word' id='word_1_35' title='bbox 623 570 695 628; x_wconf 78' lang='lat' dir='ltr'><strong>tuno</strong></span> <span class='ocrx_word' id='word_1_36' title='bbox 717 568 905 632; x_wconf 76' lang='lat' dir='ltr'><strong>minuuntur.</strong></span> 
     </span>
    </p>

    <p class='ocr_par' dir='ltr' id='par_1_3' title="bbox 156 655 1221 1002">
     <span class='ocr_line' id='line_1_6' title="bbox 156 655 1220 732; baseline 0 -14"><span class='ocrx_word' id='word_1_37' title='bbox 156 674 170 718; x_wconf 80' lang='lat' dir='ltr'><strong>o</strong></span> <span class='ocrx_word' id='word_1_38' title='bbox 249 657 295 717; x_wconf 83' lang='lat' dir='ltr'><strong>De</strong></span> <span class='ocrx_word' id='word_1_39' title='bbox 317 656 452 718; x_wconf 72' lang='lat' dir='ltr'><strong>cocturis.</strong></span> <span class='ocrx_word' id='word_1_40' title='bbox 497 655 583 716; x_wconf 86' lang='lat' dir='ltr'><strong>Usiio</strong></span> <span class='ocrx_word' id='word_1_41' title='bbox 606 660 716 732; x_wconf 74' lang='lat' dir='ltr'><strong>eutem,</strong></span> <span class='ocrx_word' id='word_1_42' title='bbox 739 658 852 717; x_wconf 82' lang='lat' dir='ltr'><strong>soilioei</strong></span> <span class='ocrx_word' id='word_1_43' title='bbox 874 660 1004 730; x_wconf 75' lang='lat' dir='ltr'><strong>oooiure,</strong></span> <span class='ocrx_word' id='word_1_44' title='bbox 1027 659 1108 718; x_wconf 89' lang='lat' dir='ltr'><strong>omni</strong></span> <span class='ocrx_word' id='word_1_45' title='bbox 1122 662 1220 718; x_wconf 79' lang='lat' dir='ltr'><strong>tem·</strong></span> 
     </span>
     <span class='ocr_line' id='line_1_7' title="bbox 182 745 1221 823; baseline 0.002 -17"><span class='ocrx_word' id='word_1_46' title='bbox 182 765 254 823; x_wconf 90' lang='lat' dir='ltr'><strong>pore</strong></span> <span class='ocrx_word' id='word_1_47' title='bbox 277 746 355 805; x_wconf 86' lang='lat' dir='ltr'><strong>bone</strong></span> <span class='ocrx_word' id='word_1_48' title='bbox 377 748 408 805; x_wconf 79' lang='lat' dir='ltr'><strong>ei</strong></span> <span class='ocrx_word' id='word_1_49' title='bbox 429 745 513 804; x_wconf 79' lang='lat' dir='ltr'><strong>utilis</strong></span> <span class='ocrx_word' id='word_1_50' title='bbox 535 749 588 820; x_wconf 80' lang='lat' dir='ltr'><strong>esi,</strong></span> <span class='ocrx_word' id='word_1_51' title='bbox 611 745 693 820; x_wconf 87' lang='lat' dir='ltr'><strong>quod</strong></span> <span class='ocrx_word' id='word_1_52' title='bbox 715 746 740 806; x_wconf 79' lang='lat' dir='ltr'><strong>ri</strong></span> <span class='ocrx_word' id='word_1_53' title='bbox 763 746 889 806; x_wconf 73' lang='lat' dir='ltr'><strong>discreto</strong></span> <span class='ocrx_word' id='word_1_54' title='bbox 911 747 953 822; x_wconf 81' lang='lat' dir='ltr'><strong>fit,</strong></span> <span class='ocrx_word' id='word_1_55' title='bbox 981 747 1221 809; x_wconf 79' lang='lat' dir='ltr'><strong>inieroutoneos</strong></span> 
     </span>
     <span class='ocr_line' id='line_1_8' title="bbox 182 833 1219 912; baseline 0.006 -18"><span class='ocrx_word' id='word_1_56' title='bbox 182 835 320 896; x_wconf 87' lang='lat' dir='ltr'><strong>humores</strong></span> <span class='ocrx_word' id='word_1_57' title='bbox 350 837 381 893; x_wconf 78' lang='lat' dir='ltr'><strong>ei</strong></span> <span class='ocrx_word' id='word_1_58' title='bbox 411 833 519 894; x_wconf 86' lang='lat' dir='ltr'><strong>livores</strong></span> <span class='ocrx_word' id='word_1_59' title='bbox 546 835 655 893; x_wconf 74' lang='lat' dir='ltr'><strong>minuit</strong></span> <span class='ocrx_word' id='word_1_60' title='bbox 677 838 708 894; x_wconf 77' lang='lat' dir='ltr'><strong>eb</strong></span> <span class='ocrx_word' id='word_1_61' title='bbox 728 836 884 896; x_wconf 70' lang='lat' dir='ltr'><strong>saniorem</strong></span> <span class='ocrx_word' id='word_1_62' title='bbox 908 835 1082 912; x_wconf 76' lang='lat' dir='ltr'><strong>corporibus</strong></span> <span class='ocrx_word' id='word_1_63' title='bbox 1105 837 1219 900; x_wconf 81' lang='lat' dir='ltr'><strong>effert.</strong></span> 
     </span>
     <span class='ocr_line' id='line_1_9' title="bbox 183 922 1216 1002; baseline 0.003 -18"><span class='ocrx_word' id='word_1_64' title='bbox 183 925 223 984; x_wconf 75' lang='lat' dir='ltr'><strong>nt</strong></span> <span class='ocrx_word' id='word_1_65' title='bbox 244 929 306 986; x_wconf 82' lang='lat' dir='ltr'><strong>ism</strong></span> <span class='ocrx_word' id='word_1_66' title='bbox 329 923 486 984; x_wconf 81' lang='lat' dir='ltr'><strong>iuvenibus</strong></span> <span class='ocrx_word' id='word_1_67' title='bbox 509 941 597 998; x_wconf 86' lang='lat' dir='ltr'><strong>quem</strong></span> <span class='ocrx_word' id='word_1_68' title='bbox 614 922 732 984; x_wconf 83' lang='lat' dir='ltr'><strong>senibus</strong></span> <span class='ocrx_word' id='word_1_69' title='bbox 747 943 880 1002; x_wconf 82' lang='lat' dir='ltr'><strong>oougrne</strong></span> <span class='ocrx_word' id='word_1_70' title='bbox 894 928 947 1000; x_wconf 74' lang='lat' dir='ltr'><strong>esi,</strong></span> <span class='ocrx_word' id='word_1_71' title='bbox 970 925 1126 985; x_wconf 86' lang='lat' dir='ltr'><strong>iuvenibus</strong></span> <span class='ocrx_word' id='word_1_72' title='bbox 1145 927 1216 987; x_wconf 86' lang='lat' dir='ltr'><strong>soi·</strong></span> 
     </span>
    </p>

    <p class='ocr_par' dir='ltr' id='par_1_4' title="bbox 120 1013 1216 1091">
     <span class='ocr_line' id='line_1_10' title="bbox 120 1013 1216 1091; baseline 0.003 -18"><span class='ocrx_word' id='word_1_73' title='bbox 120 1058 123 1064; x_wconf 83' lang='grc'>.</span> <span class='ocrx_word' id='word_1_74' title='bbox 182 1016 277 1091; x_wconf 79' lang='lat' dir='ltr'><strong>lioei,·</strong></span> <span class='ocrx_word' id='word_1_75' title='bbox 293 1013 374 1090; x_wconf 86' lang='lat' dir='ltr'><strong>quod</strong></span> <span class='ocrx_word' id='word_1_76' title='bbox 405 1031 474 1073; x_wconf 87' lang='lat' dir='ltr'><strong>oum</strong></span> <span class='ocrx_word' id='word_1_77' title='bbox 505 1029 573 1072; x_wconf 79' lang='lat' dir='ltr'><strong>noro</strong></span> <span class='ocrx_word' id='word_1_78' title='bbox 603 1016 635 1073; x_wconf 83' lang='lat' dir='ltr'><strong>ei</strong></span> <span class='ocrx_word' id='word_1_79' title='bbox 660 1013 780 1090; x_wconf 71' lang='lat' dir='ltr'><strong>sanguis</strong></span> <span class='ocrx_word' id='word_1_80' title='bbox 801 1031 906 1074; x_wconf 88' lang='lat' dir='ltr'><strong>eorum</strong></span> <span class='ocrx_word' id='word_1_81' title='bbox 928 1032 983 1090; x_wconf 87' lang='lat' dir='ltr'><strong>per</strong></span> <span class='ocrx_word' id='word_1_82' title='bbox 1013 1015 1216 1076; x_wconf 77' lang='lat' dir='ltr'><strong>iuventutem</strong></span> 
     </span>
    </p>

    <p class='ocr_par' dir='ltr' id='par_1_5' title="bbox 143 1101 1216 1536">
     <span class='ocr_line' id='line_1_11' title="bbox 143 1101 1216 1180; baseline 0.003 -16"><span class='ocrx_word' id='word_1_83' title='bbox 143 1119 172 1164; x_wconf 85' lang='lat' dir='ltr'><strong>ro</strong></span> <span class='ocrx_word' id='word_1_84' title='bbox 184 1105 325 1178; x_wconf 78' lang='lat' dir='ltr'><strong>creseunt,</strong></span> <span class='ocrx_word' id='word_1_85' title='bbox 349 1107 421 1162; x_wconf 79' lang='lat' dir='ltr'><strong>tuno</strong></span> <span class='ocrx_word' id='word_1_86' title='bbox 443 1101 533 1162; x_wconf 73' lang='lat' dir='ltr'><strong>etiem</strong></span> <span class='ocrx_word' id='word_1_87' title='bbox 553 1102 624 1162; x_wconf 80' lang='lat' dir='ltr'><strong>meli</strong></span> <span class='ocrx_word' id='word_1_88' title='bbox 641 1101 780 1162; x_wconf 83' lang='lat' dir='ltr'><strong>humores</strong></span> <span class='ocrx_word' id='word_1_89' title='bbox 795 1103 827 1162; x_wconf 89' lang='lat' dir='ltr'><strong>in</strong></span> <span class='ocrx_word' id='word_1_90' title='bbox 842 1103 884 1162; x_wconf 90' lang='lat' dir='ltr'><strong>eis</strong></span> <span class='ocrx_word' id='word_1_91' title='bbox 900 1106 1060 1180; x_wconf 59' lang='lat' dir='ltr'><strong>eugenium</strong></span> <span class='ocrx_word' id='word_1_92' title='bbox 1083 1105 1216 1166; x_wconf 88' lang='lat' dir='ltr'><strong>senibus</strong></span> 
     </span>
     <span class='ocr_line' id='line_1_12' title="bbox 184 1192 1213 1269; baseline 0.002 -17"><span class='ocrx_word' id='word_1_93' title='bbox 184 1196 292 1268; x_wconf 79' lang='lat' dir='ltr'><strong>eutem,</strong></span> <span class='ocrx_word' id='word_1_94' title='bbox 315 1192 458 1269; x_wconf 80' lang='lat' dir='ltr'><strong>quonium</strong></span> <span class='ocrx_word' id='word_1_95' title='bbox 480 1209 549 1250; x_wconf 88' lang='lat' dir='ltr'><strong>oum</strong></span> <span class='ocrx_word' id='word_1_96' title='bbox 564 1210 631 1251; x_wconf 89' lang='lat' dir='ltr'><strong>oero</strong></span> <span class='ocrx_word' id='word_1_97' title='bbox 654 1195 684 1250; x_wconf 85' lang='lat' dir='ltr'><strong>et</strong></span> <span class='ocrx_word' id='word_1_98' title='bbox 697 1192 818 1269; x_wconf 79' lang='lat' dir='ltr'><strong>sanguis</strong></span> <span class='ocrx_word' id='word_1_99' title='bbox 841 1210 910 1251; x_wconf 89' lang='lat' dir='ltr'><strong>oum</strong></span> <span class='ocrx_word' id='word_1_100' title='bbox 933 1195 1082 1252; x_wconf 74' lang='lat' dir='ltr'><strong>senectute</strong></span> <span class='ocrx_word' id='word_1_101' title='bbox 1104 1193 1135 1252; x_wconf 90' lang='lat' dir='ltr'><strong>in</strong></span> <span class='ocrx_word' id='word_1_102' title='bbox 1162 1196 1213 1254; x_wconf 87' lang='lat' dir='ltr'><strong>eis</strong></span> 
     </span>
     <span class='ocr_line' id='line_1_13' title="bbox 183 1281 1213 1357; baseline 0.003 -17"><span class='ocrx_word' id='word_1_103' title='bbox 183 1283 368 1357; x_wconf 78' lang='lat' dir='ltr'><strong>minuuntur,</strong></span> <span class='ocrx_word' id='word_1_104' title='bbox 406 1284 477 1340; x_wconf 83' lang='lat' dir='ltr'><strong>tuno</strong></span> <span class='ocrx_word' id='word_1_105' title='bbox 514 1281 592 1340; x_wconf 79' lang='lat' dir='ltr'><strong>inter</strong></span> <span class='ocrx_word' id='word_1_106' title='bbox 625 1283 723 1340; x_wconf 83' lang='lat' dir='ltr'><strong>ouiem</strong></span> <span class='ocrx_word' id='word_1_107' title='bbox 758 1285 789 1340; x_wconf 79' lang='lat' dir='ltr'><strong>ei</strong></span> <span class='ocrx_word' id='word_1_108' title='bbox 822 1299 939 1340; x_wconf 88' lang='lat' dir='ltr'><strong>oernem</strong></span> <span class='ocrx_word' id='word_1_109' title='bbox 966 1299 1070 1341; x_wconf 87' lang='lat' dir='ltr'><strong>eorum</strong></span> <span class='ocrx_word' id='word_1_110' title='bbox 1091 1283 1213 1344; x_wconf 83' lang='lat' dir='ltr'><strong>livores</strong></span> 
     </span>
     <span class='ocr_line' id='line_1_14' title="bbox 183 1368 1211 1447; baseline 0.002 -18"><span class='ocrx_word' id='word_1_111' title='bbox 183 1374 342 1432; x_wconf 76' lang='lat' dir='ltr'>remanent.</span> <span class='ocrx_word' id='word_1_112' title='bbox 386 1369 443 1430; x_wconf 79' lang='lat' dir='ltr'><strong>Sed</strong></span> <span class='ocrx_word' id='word_1_113' title='bbox 465 1368 583 1430; x_wconf 83' lang='lat' dir='ltr'><strong>senibus</strong></span> <span class='ocrx_word' id='word_1_114' title='bbox 604 1370 789 1445; x_wconf 75' lang='lat' dir='ltr'><strong>aliquantum</strong></span> <span class='ocrx_word' id='word_1_115' title='bbox 813 1368 961 1430; x_wconf 83' lang='lat' dir='ltr'><strong>salubrior</strong></span> <span class='ocrx_word' id='word_1_116' title='bbox 983 1372 1027 1430; x_wconf 78' lang='lat' dir='ltr'><strong>esi</strong></span> <span class='ocrx_word' id='word_1_117' title='bbox 1050 1389 1140 1447; x_wconf 79' lang='lat' dir='ltr'><strong>quem</strong></span> <span class='ocrx_word' id='word_1_118' title='bbox 1157 1373 1211 1431; x_wconf 91' lang='lat' dir='ltr'><strong>iu·</strong></span> 
     </span>
     <span class='ocr_line' id='line_1_15' title="bbox 183 1457 1211 1536; baseline 0.001 -16"><span class='ocrx_word' id='word_1_119' title='bbox 183 1459 315 1535; x_wconf 79' lang='lat' dir='ltr'><strong>renibus,</strong></span> <span class='ocrx_word' id='word_1_120' title='bbox 339 1459 420 1536; x_wconf 83' lang='lat' dir='ltr'><strong>quod</strong></span> <span class='ocrx_word' id='word_1_121' title='bbox 442 1477 528 1518; x_wconf 80' lang='lat' dir='ltr'><strong>earne</strong></span> <span class='ocrx_word' id='word_1_122' title='bbox 551 1460 581 1518; x_wconf 80' lang='lat' dir='ltr'><strong>et</strong></span> <span class='ocrx_word' id='word_1_123' title='bbox 603 1459 745 1536; x_wconf 78' lang='lat' dir='ltr'><strong>sanguino</strong></span> <span class='ocrx_word' id='word_1_124' title='bbox 767 1477 870 1518; x_wconf 90' lang='lat' dir='ltr'><strong>eorum</strong></span> <span class='ocrx_word' id='word_1_125' title='bbox 892 1457 1059 1520; x_wconf 78' lang='lat' dir='ltr'><strong>lubentibus</strong></span> <span class='ocrx_word' id='word_1_126' title='bbox 1082 1464 1113 1520; x_wconf 80' lang='lat' dir='ltr'><strong>et</strong></span> <span class='ocrx_word' id='word_1_127' title='bbox 1132 1465 1211 1522; x_wconf 77' lang='lat' dir='ltr'><strong>oute</strong></span> 
     </span>
    </p>

    <p class='ocr_par' dir='ltr' id='par_1_6' title="bbox 146 1549 1208 1983">
     <span class='ocr_line' id='line_1_16' title="bbox 146 1549 1205 1626; baseline 0.003 -18"><span class='ocrx_word' id='word_1_128' title='bbox 146 1563 173 1608; x_wconf 80' lang='lat'><strong>15</strong></span> <span class='ocrx_word' id='word_1_129' title='bbox 186 1552 336 1609; x_wconf 80' lang='lat' dir='ltr'><strong>oonireote</strong></span> <span class='ocrx_word' id='word_1_130' title='bbox 365 1549 449 1608; x_wconf 75' lang='lat' dir='ltr'><strong>iebus</strong></span> <span class='ocrx_word' id='word_1_131' title='bbox 478 1549 557 1608; x_wconf 82' lang='lat' dir='ltr'><strong>inter</strong></span> <span class='ocrx_word' id='word_1_132' title='bbox 588 1551 686 1608; x_wconf 81' lang='lat' dir='ltr'><strong>ouiom</strong></span> <span class='ocrx_word' id='word_1_133' title='bbox 718 1551 749 1608; x_wconf 80' lang='lat' dir='ltr'><strong>oi</strong></span> <span class='ocrx_word' id='word_1_134' title='bbox 776 1567 892 1608; x_wconf 81' lang='lat' dir='ltr'><strong>earnem</strong></span> <span class='ocrx_word' id='word_1_135' title='bbox 915 1552 998 1609; x_wconf 75' lang='lat' dir='ltr'><strong>iunio</strong></span> <span class='ocrx_word' id='word_1_136' title='bbox 1021 1550 1117 1626; x_wconf 78' lang='lat' dir='ltr'><strong>magis</strong></span> <span class='ocrx_word' id='word_1_137' title='bbox 1139 1550 1205 1611; x_wconf 79' lang='lat' dir='ltr'><strong>dis-</strong></span> 
     </span>
     <span class='ocr_line' id='line_1_17' title="bbox 184 1636 1207 1716; baseline 0.003 -19"><span class='ocrx_word' id='word_1_138' title='bbox 184 1638 286 1702; x_wconf 78' lang='lat' dir='ltr'><strong>currit.</strong></span> <span class='ocrx_word' id='word_1_139' title='bbox 331 1637 491 1697; x_wconf 82' lang='lat' dir='ltr'><strong>Iurenibus</strong></span> <span class='ocrx_word' id='word_1_140' title='bbox 524 1655 594 1697; x_wconf 83' lang='lat' dir='ltr'><strong>vero</strong></span> <span class='ocrx_word' id='word_1_141' title='bbox 628 1637 671 1696; x_wconf 78' lang='lat' dir='ltr'><strong>ibe</strong></span> <span class='ocrx_word' id='word_1_142' title='bbox 701 1636 826 1697; x_wconf 77' lang='lat' dir='ltr'><strong>salubris</strong></span> <span class='ocrx_word' id='word_1_143' title='bbox 859 1655 919 1696; x_wconf 88' lang='lat' dir='ltr'><strong>non</strong></span> <span class='ocrx_word' id='word_1_144' title='bbox 946 1641 991 1698; x_wconf 77' lang='lat' dir='ltr'><strong>esi</strong></span> <span class='ocrx_word' id='word_1_145' title='bbox 1012 1639 1207 1716; x_wconf 64' lang='lat' dir='ltr'><strong>eburonibus,</strong></span> 
     </span>
     <span class='ocr_line' id='line_1_18' title="bbox 185 1726 1204 1804; baseline 0.003 -18"><span class='ocrx_word' id='word_1_146' title='bbox 185 1727 264 1804; x_wconf 82' lang='lat' dir='ltr'><strong>quie,</strong></span> <span class='ocrx_word' id='word_1_147' title='bbox 286 1731 323 1787; x_wconf 81' lang='lat' dir='ltr'><strong>ui</strong></span> <span class='ocrx_word' id='word_1_148' title='bbox 346 1745 414 1788; x_wconf 86' lang='lat' dir='ltr'><strong>oero</strong></span> <span class='ocrx_word' id='word_1_149' title='bbox 437 1728 469 1786; x_wconf 89' lang='lat' dir='ltr'><strong>in</strong></span> <span class='ocrx_word' id='word_1_150' title='bbox 491 1727 532 1785; x_wconf 85' lang='lat' dir='ltr'><strong>eis</strong></span> <span class='ocrx_word' id='word_1_151' title='bbox 554 1728 683 1803; x_wconf 77' lang='lat' dir='ltr'><strong>augetur</strong></span> <span class='ocrx_word' id='word_1_152' title='bbox 697 1729 728 1786; x_wconf 79' lang='lat' dir='ltr'><strong>ei</strong></span> <span class='ocrx_word' id='word_1_153' title='bbox 750 1726 821 1786; x_wconf 86' lang='lat' dir='ltr'><strong>dum</strong></span> <span class='ocrx_word' id='word_1_154' title='bbox 844 1727 965 1804; x_wconf 77' lang='lat' dir='ltr'><strong>sanguis</strong></span> <span class='ocrx_word' id='word_1_155' title='bbox 987 1726 1019 1786; x_wconf 86' lang='lat' dir='ltr'><strong>in</strong></span> <span class='ocrx_word' id='word_1_156' title='bbox 1041 1727 1083 1787; x_wconf 86' lang='lat' dir='ltr'><strong>eis</strong></span> <span class='ocrx_word' id='word_1_157' title='bbox 1099 1728 1204 1790; x_wconf 78' lang='lat' dir='ltr'><strong>fervet</strong></span> 
     </span>
     <span class='ocr_line' id='line_1_19' title="bbox 184 1815 1208 1888; baseline 0 -11"><span class='ocrx_word' id='word_1_158' title='bbox 184 1821 215 1877; x_wconf 80' lang='lat' dir='ltr'><strong>ei</strong></span> <span class='ocrx_word' id='word_1_159' title='bbox 237 1818 307 1878; x_wconf 86' lang='lat' dir='ltr'><strong>dum</strong></span> <span class='ocrx_word' id='word_1_160' title='bbox 332 1817 408 1877; x_wconf 81' lang='lat' dir='ltr'><strong>oubis</strong></span> <span class='ocrx_word' id='word_1_161' title='bbox 431 1835 534 1876; x_wconf 88' lang='lat' dir='ltr'><strong>eornm</strong></span> <span class='ocrx_word' id='word_1_162' title='bbox 557 1815 655 1875; x_wconf 83' lang='lat' dir='ltr'><strong>tenuis</strong></span> <span class='ocrx_word' id='word_1_163' title='bbox 677 1819 709 1874; x_wconf 81' lang='lat' dir='ltr'><strong>ei</strong></span> <span class='ocrx_word' id='word_1_164' title='bbox 731 1819 849 1876; x_wconf 72' lang='lat' dir='ltr'><strong>extenso</strong></span> <span class='ocrx_word' id='word_1_165' title='bbox 864 1819 915 1888; x_wconf 80' lang='lat' dir='ltr'><strong>osi,</strong></span> <span class='ocrx_word' id='word_1_166' title='bbox 938 1818 1011 1876; x_wconf 77' lang='lat' dir='ltr'><strong>iuno</strong></span> <span class='ocrx_word' id='word_1_167' title='bbox 1026 1817 1208 1878; x_wconf 76' lang='lat' dir='ltr'><strong>multotiens</strong></span> 
     </span>
     <span class='ocr_line' id='line_1_20' title="bbox 184 1904 1208 1983; baseline 0 -17"><span class='ocrx_word' id='word_1_168' title='bbox 184 1907 313 1983; x_wconf 79' lang='lat' dir='ltr'><strong>sangnis,</strong></span> <span class='ocrx_word' id='word_1_169' title='bbox 347 1905 400 1983; x_wconf 88' lang='lat' dir='ltr'><strong>qui</strong></span> <span class='ocrx_word' id='word_1_170' title='bbox 430 1906 472 1965; x_wconf 88' lang='lat' dir='ltr'><strong>eis</strong></span> <span class='ocrx_word' id='word_1_171' title='bbox 499 1904 654 1964; x_wconf 67' lang='lat' dir='ltr'><strong>saniorem</strong></span> <span class='ocrx_word' id='word_1_172' title='bbox 677 1907 708 1965; x_wconf 81' lang='lat' dir='ltr'><strong>et</strong></span> <span class='ocrx_word' id='word_1_173' title='bbox 739 1904 944 1964; x_wconf 72' lang='lat' dir='ltr'><strong>foriiiudinem</strong></span> <span class='ocrx_word' id='word_1_174' title='bbox 976 1905 1098 1981; x_wconf 77' lang='lat' dir='ltr'><strong>confert,</strong></span> <span class='ocrx_word' id='word_1_175' title='bbox 1132 1925 1208 1966; x_wconf 85' lang='lat' dir='ltr'><strong>oum</strong></span> 
     </span>
    </p>

    <p class='ocr_par' dir='ltr' id='par_1_7' title="bbox 146 1993 1208 2426">
     <span class='ocr_line' id='line_1_21' title="bbox 146 1993 1208 2069; baseline 0.002 -15"><span class='ocrx_word' id='word_1_176' title='bbox 146 1996 282 2056; x_wconf 75' lang='lat' dir='ltr'><strong>ronoxiis</strong></span> <span class='ocrx_word' id='word_1_177' title='bbox 316 1995 491 2055; x_wconf 82' lang='lat' dir='ltr'><strong>humoribus</strong></span> <span class='ocrx_word' id='word_1_178' title='bbox 526 2012 580 2069; x_wconf 90' lang='lat' dir='ltr'><strong>per</strong></span> <span class='ocrx_word' id='word_1_179' title='bbox 617 1994 763 2054; x_wconf 78' lang='lat' dir='ltr'><strong>ustionem</strong></span> <span class='ocrx_word' id='word_1_180' title='bbox 805 1995 942 2054; x_wconf 81' lang='lat' dir='ltr'><strong>oooiuree</strong></span> <span class='ocrx_word' id='word_1_181' title='bbox 969 1993 1087 2059; x_wconf 79' lang='lat' dir='ltr'><strong>effluit.</strong></span> <span class='ocrx_word' id='word_1_182' title='bbox 1144 1995 1208 2056; x_wconf 80' lang='lat' dir='ltr'><strong>Sed</strong></span> 
     </span>
     <span class='ocr_line' id='line_1_22' title="bbox 184 2082 1208 2160; baseline -0.002 -14"><span class='ocrx_word' id='word_1_183' title='bbox 184 2089 284 2146; x_wconf 70' lang='lat' dir='ltr'><strong>tamen</strong></span> <span class='ocrx_word' id='word_1_184' title='bbox 307 2088 427 2144; x_wconf 81' lang='lat' dir='ltr'><strong>oooinre</strong></span> <span class='ocrx_word' id='word_1_185' title='bbox 448 2082 606 2143; x_wconf 84' lang='lat' dir='ltr'><strong>iuvenibus</strong></span> <span class='ocrx_word' id='word_1_186' title='bbox 627 2082 774 2142; x_wconf 78' lang='lat' dir='ltr'><strong>salubrior</strong></span> <span class='ocrx_word' id='word_1_187' title='bbox 795 2088 841 2143; x_wconf 83' lang='lat' dir='ltr'><strong>esi</strong></span> <span class='ocrx_word' id='word_1_188' title='bbox 862 2083 893 2142; x_wconf 92' lang='lat' dir='ltr'><strong>in</strong></span> <span class='ocrx_word' id='word_1_189' title='bbox 923 2082 1020 2142; x_wconf 89' lang='lat' dir='ltr'><strong>hiemo</strong></span> <span class='ocrx_word' id='word_1_190' title='bbox 1050 2101 1140 2160; x_wconf 82' lang='lat' dir='ltr'><strong>quem</strong></span> <span class='ocrx_word' id='word_1_191' title='bbox 1171 2086 1208 2144; x_wconf 91' lang='lat' dir='ltr'><strong>in</strong></span> 
     </span>
     <span class='ocr_line' id='line_1_23' title="bbox 186 2171 1208 2249; baseline 0.002 -17"><span class='ocrx_word' id='word_1_192' title='bbox 186 2176 304 2244; x_wconf 79' lang='lat' dir='ltr'><strong>aestete,</strong></span> <span class='ocrx_word' id='word_1_193' title='bbox 327 2173 399 2249; x_wconf 83' lang='lat' dir='ltr'><strong>quio</strong></span> <span class='ocrx_word' id='word_1_194' title='bbox 433 2191 499 2232; x_wconf 86' lang='lat' dir='ltr'><strong>oum</strong></span> <span class='ocrx_word' id='word_1_195' title='bbox 535 2171 593 2248; x_wconf 85' lang='lat' dir='ltr'><strong>ipsi</strong></span> <span class='ocrx_word' id='word_1_196' title='bbox 621 2175 651 2230; x_wconf 84' lang='lat' dir='ltr'><strong>et</strong></span> <span class='ocrx_word' id='word_1_197' title='bbox 672 2174 767 2232; x_wconf 79' lang='lat' dir='ltr'><strong>eesbes</strong></span> <span class='ocrx_word' id='word_1_198' title='bbox 788 2172 877 2232; x_wconf 88' lang='lat' dir='ltr'><strong>simul</strong></span> <span class='ocrx_word' id='word_1_199' title='bbox 911 2173 1040 2244; x_wconf 67' lang='lat' dir='ltr'><strong>fervent,</strong></span> <span class='ocrx_word' id='word_1_200' title='bbox 1077 2178 1208 2246; x_wconf 79' lang='lat' dir='ltr'><strong>(nevere</strong></span> 
     </span>
     <span class='ocr_line' id='line_1_24' title="bbox 186 2261 1208 2342; baseline 0.002 -21"><span class='ocrx_word' id='word_1_201' title='bbox 186 2262 322 2342; x_wconf 57' lang='lat' dir='ltr'><strong>debon),</strong></span> <span class='ocrx_word' id='word_1_202' title='bbox 344 2281 381 2321; x_wconf 85' lang='lat' dir='ltr'><strong>ns</strong></span> <span class='ocrx_word' id='word_1_203' title='bbox 404 2263 435 2321; x_wconf 88' lang='lat' dir='ltr'><strong>in</strong></span> <span class='ocrx_word' id='word_1_204' title='bbox 456 2262 565 2320; x_wconf 64' lang='lat' dir='ltr'><strong>osonio</strong></span> <span class='ocrx_word' id='word_1_205' title='bbox 586 2261 759 2338; x_wconf 81' lang='lat' dir='ltr'><strong>sanguinem</strong></span> <span class='ocrx_word' id='word_1_206' title='bbox 775 2279 829 2338; x_wconf 85' lang='lat' dir='ltr'><strong>per</strong></span> <span class='ocrx_word' id='word_1_207' title='bbox 849 2263 999 2322; x_wconf 80' lang='lat' dir='ltr'><strong>oooiurem</strong></span> <span class='ocrx_word' id='word_1_208' title='bbox 1019 2280 1089 2322; x_wconf 84' lang='lat' dir='ltr'><strong>oum</strong></span> <span class='ocrx_word' id='word_1_209' title='bbox 1107 2261 1208 2324; x_wconf 84' lang='lat' dir='ltr'><strong>livore</strong></span> 
     </span>
     <span class='ocr_line' id='line_1_25' title="bbox 186 2349 1208 2426; baseline 0.002 -16"><span class='ocrx_word' id='word_1_210' title='bbox 186 2351 331 2414; x_wconf 75' lang='lat' dir='ltr'><strong>emittent.</strong></span> <span class='ocrx_word' id='word_1_211' title='bbox 376 2351 416 2411; x_wconf 78' lang='lat' dir='ltr'><strong>Ei</strong></span> <span class='ocrx_word' id='word_1_212' title='bbox 437 2350 504 2409; x_wconf 84' lang='lat' dir='ltr'><strong>ideo</strong></span> <span class='ocrx_word' id='word_1_213' title='bbox 526 2349 558 2408; x_wconf 88' lang='lat' dir='ltr'><strong>in</strong></span> <span class='ocrx_word' id='word_1_214' title='bbox 580 2349 677 2410; x_wconf 89' lang='lat' dir='ltr'><strong>hieme</strong></span> <span class='ocrx_word' id='word_1_215' title='bbox 699 2352 849 2411; x_wconf 79' lang='lat' dir='ltr'><strong>oooturem</strong></span> <span class='ocrx_word' id='word_1_216' title='bbox 872 2351 990 2422; x_wconf 74' lang='lat' dir='ltr'><strong>ferient,</strong></span> <span class='ocrx_word' id='word_1_217' title='bbox 1014 2351 1085 2426; x_wconf 82' lang='lat' dir='ltr'><strong>quie</strong></span> <span class='ocrx_word' id='word_1_218' title='bbox 1108 2351 1208 2412; x_wconf 87' lang='lat' dir='ltr'><strong>hiems</strong></span> 
     </span>
    </p>

    <p class='ocr_par' dir='ltr' id='par_1_8' title="bbox 146 2439 1206 3588">
     <span class='ocr_line' id='line_1_26' title="bbox 146 2439 1206 2518; baseline 0 -19"><span class='ocrx_word' id='word_1_219' title='bbox 146 2440 309 2502; x_wconf 70' lang='lat' dir='ltr'><strong>rehumido</strong></span> <span class='ocrx_word' id='word_1_220' title='bbox 331 2443 361 2500; x_wconf 77' lang='lat' dir='ltr'><strong>ei</strong></span> <span class='ocrx_word' id='word_1_221' title='bbox 383 2440 492 2517; x_wconf 79' lang='lat' dir='ltr'><strong>frigide</strong></span> <span class='ocrx_word' id='word_1_222' title='bbox 514 2441 559 2498; x_wconf 84' lang='lat' dir='ltr'><strong>esi</strong></span> <span class='ocrx_word' id='word_1_223' title='bbox 581 2439 691 2514; x_wconf 79' lang='lat' dir='ltr'><strong>stipsi</strong></span> <span class='ocrx_word' id='word_1_224' title='bbox 714 2439 810 2514; x_wconf 73' lang='lat' dir='ltr'><strong>ualidi,</strong></span> <span class='ocrx_word' id='word_1_225' title='bbox 835 2443 865 2500; x_wconf 78' lang='lat' dir='ltr'><strong>ei</strong></span> <span class='ocrx_word' id='word_1_226' title='bbox 887 2440 929 2499; x_wconf 86' lang='lat' dir='ltr'><strong>sio</strong></span> <span class='ocrx_word' id='word_1_227' title='bbox 949 2439 1066 2499; x_wconf 78' lang='lat' dir='ltr'><strong>facilius</strong></span> <span class='ocrx_word' id='word_1_228' title='bbox 1081 2442 1206 2518; x_wconf 78' lang='lat' dir='ltr'><strong>sangui·</strong></span> 
     </span>
     <span class='ocr_line' id='line_1_27' title="bbox 184 2527 1206 2593; baseline 0.001 -4"><span class='ocrx_word' id='word_1_229' title='bbox 184 2549 252 2590; x_wconf 88' lang='lat' dir='ltr'><strong>nem</strong></span> <span class='ocrx_word' id='word_1_230' title='bbox 274 2531 305 2591; x_wconf 91' lang='lat' dir='ltr'><strong>in</strong></span> <span class='ocrx_word' id='word_1_231' title='bbox 327 2549 358 2590; x_wconf 87' lang='lat' dir='ltr'><strong>se</strong></span> <span class='ocrx_word' id='word_1_232' title='bbox 380 2530 510 2589; x_wconf 73' lang='lat' dir='ltr'><strong>retinent</strong></span> <span class='ocrx_word' id='word_1_233' title='bbox 531 2531 561 2588; x_wconf 83' lang='lat' dir='ltr'><strong>et</strong></span> <span class='ocrx_word' id='word_1_234' title='bbox 583 2528 722 2588; x_wconf 88' lang='lat' dir='ltr'><strong>humores</strong></span> <span class='ocrx_word' id='word_1_235' title='bbox 750 2528 900 2593; x_wconf 71' lang='lat' dir='ltr'><strong>emittunt.</strong></span> <span class='ocrx_word' id='word_1_236' title='bbox 946 2527 1072 2589; x_wconf 82' lang='lat' dir='ltr'><strong>Senibus</strong></span> <span class='ocrx_word' id='word_1_237' title='bbox 1101 2534 1206 2590; x_wconf 72' lang='lat' dir='ltr'><strong>eutem</strong></span> 
     </span>
     <span class='ocr_line' id='line_1_28' title="bbox 185 2618 1206 2696; baseline -0.001 -17"><span class='ocrx_word' id='word_1_238' title='bbox 185 2621 306 2680; x_wconf 82' lang='lat' dir='ltr'><strong>oooiure</strong></span> <span class='ocrx_word' id='word_1_239' title='bbox 328 2619 486 2696; x_wconf 85' lang='lat' dir='ltr'><strong>preeoipue</strong></span> <span class='ocrx_word' id='word_1_240' title='bbox 509 2635 641 2694; x_wconf 73' lang='lat' dir='ltr'><strong>congrue</strong></span> <span class='ocrx_word' id='word_1_241' title='bbox 663 2619 708 2677; x_wconf 79' lang='lat' dir='ltr'><strong>eei</strong></span> <span class='ocrx_word' id='word_1_242' title='bbox 738 2618 769 2676; x_wconf 88' lang='lat' dir='ltr'><strong>in</strong></span> <span class='ocrx_word' id='word_1_243' title='bbox 804 2620 922 2693; x_wconf 75' lang='lat' dir='ltr'><strong>assisio,</strong></span> <span class='ocrx_word' id='word_1_244' title='bbox 957 2618 1098 2694; x_wconf 80' lang='lat' dir='ltr'><strong>quonism</strong></span> <span class='ocrx_word' id='word_1_245' title='bbox 1133 2637 1206 2679; x_wconf 86' lang='lat' dir='ltr'><strong>oum</strong></span> 
     </span>
     <span class='ocr_line' id='line_1_29' title="bbox 186 2705 1206 2784; baseline 0 -16"><span class='ocrx_word' id='word_1_246' title='bbox 186 2710 244 2784; x_wconf 87' lang='lat' dir='ltr'><strong>ipsi</strong></span> <span class='ocrx_word' id='word_1_247' title='bbox 266 2710 326 2769; x_wconf 79' lang='lat' dir='ltr'><strong>iem</strong></span> <span class='ocrx_word' id='word_1_248' title='bbox 348 2709 522 2784; x_wconf 75' lang='lat' dir='ltr'><strong>frigescunt,</strong></span> <span class='ocrx_word' id='word_1_249' title='bbox 554 2708 648 2766; x_wconf 77' lang='lat' dir='ltr'><strong>aestus</strong></span> <span class='ocrx_word' id='word_1_250' title='bbox 679 2706 775 2767; x_wconf 79' lang='lat' dir='ltr'><strong>relide</strong></span> <span class='ocrx_word' id='word_1_251' title='bbox 806 2710 858 2782; x_wconf 77' lang='lat' dir='ltr'><strong>esi,</strong></span> <span class='ocrx_word' id='word_1_252' title='bbox 889 2709 920 2766; x_wconf 77' lang='lat' dir='ltr'><strong>ei</strong></span> <span class='ocrx_word' id='word_1_253' title='bbox 941 2710 986 2767; x_wconf 78' lang='lat' dir='ltr'><strong>iio</strong></span> <span class='ocrx_word' id='word_1_254' title='bbox 1006 2705 1148 2768; x_wconf 85' lang='lat' dir='ltr'><strong>humores</strong></span> <span class='ocrx_word' id='word_1_255' title='bbox 1171 2709 1206 2768; x_wconf 88' lang='lat' dir='ltr'><strong>in</strong></span> 
     </span>
     <span class='ocr_line' id='line_1_30' title="bbox 186 2795 1206 2874; baseline 0 -17"><span class='ocrx_word' id='word_1_256' title='bbox 186 2798 227 2857; x_wconf 85' lang='lat' dir='ltr'><strong>eis</strong></span> <span class='ocrx_word' id='word_1_257' title='bbox 249 2817 304 2874; x_wconf 86' lang='lat' dir='ltr'><strong>per</strong></span> <span class='ocrx_word' id='word_1_258' title='bbox 326 2799 454 2858; x_wconf 87' lang='lat' dir='ltr'><strong>oelorem</strong></span> <span class='ocrx_word' id='word_1_259' title='bbox 477 2796 595 2856; x_wconf 82' lang='lat' dir='ltr'><strong>eesieiis</strong></span> <span class='ocrx_word' id='word_1_260' title='bbox 617 2795 737 2856; x_wconf 79' lang='lat' dir='ltr'><strong>exoiieii</strong></span> <span class='ocrx_word' id='word_1_261' title='bbox 759 2797 791 2855; x_wconf 89' lang='lat' dir='ltr'><strong>in</strong></span> <span class='ocrx_word' id='word_1_262' title='bbox 815 2799 934 2856; x_wconf 80' lang='lat' dir='ltr'><strong>oooiuro</strong></span> <span class='ocrx_word' id='word_1_263' title='bbox 955 2796 1099 2868; x_wconf 79' lang='lat' dir='ltr'><strong>effluunt,</strong></span> <span class='ocrx_word' id='word_1_264' title='bbox 1132 2798 1206 2873; x_wconf 85' lang='lat' dir='ltr'><strong>quie</strong></span> 
     </span>
     <span class='ocr_line' id='line_1_31' title="bbox 147 2884 1203 2962; baseline 0.004 -20"><span class='ocrx_word' id='word_1_265' title='bbox 147 2897 174 2942; x_wconf 84' lang='lat' dir='ltr'><strong>eo</strong></span> <span class='ocrx_word' id='word_1_266' title='bbox 187 2887 322 2958; x_wconf 80' lang='lat' dir='ltr'><strong>colorem,</strong></span> <span class='ocrx_word' id='word_1_267' title='bbox 346 2905 434 2962; x_wconf 86' lang='lat' dir='ltr'><strong>quem</strong></span> <span class='ocrx_word' id='word_1_268' title='bbox 458 2886 496 2944; x_wconf 84' lang='lat' dir='ltr'><strong>ed</strong></span> <span class='ocrx_word' id='word_1_269' title='bbox 519 2884 723 2960; x_wconf 79' lang='lat' dir='ltr'><strong>expellendum</strong></span> <span class='ocrx_word' id='word_1_270' title='bbox 745 2885 853 2944; x_wconf 86' lang='lat' dir='ltr'><strong>livores</strong></span> <span class='ocrx_word' id='word_1_271' title='bbox 882 2885 913 2944; x_wconf 90' lang='lat' dir='ltr'><strong>in</strong></span> <span class='ocrx_word' id='word_1_272' title='bbox 943 2903 973 2944; x_wconf 85' lang='lat' dir='ltr'><strong>se</strong></span> <span class='ocrx_word' id='word_1_273' title='bbox 1000 2904 1060 2946; x_wconf 91' lang='lat' dir='ltr'><strong>non</strong></span> <span class='ocrx_word' id='word_1_274' title='bbox 1082 2886 1203 2962; x_wconf 77' lang='lat' dir='ltr'><strong>hebeni,</strong></span> 
     </span>
     <span class='ocr_line' id='line_1_32' title="bbox 186 2972 1203 3052; baseline -0.001 -16"><span class='ocrx_word' id='word_1_275' title='bbox 186 2977 272 3036; x_wconf 85' lang='lat' dir='ltr'><strong>illum</strong></span> <span class='ocrx_word' id='word_1_276' title='bbox 295 2995 348 3052; x_wconf 87' lang='lat' dir='ltr'><strong>per</strong></span> <span class='ocrx_word' id='word_1_277' title='bbox 376 2977 517 3034; x_wconf 69' lang='lat' dir='ltr'><strong>aestatem</strong></span> <span class='ocrx_word' id='word_1_278' title='bbox 547 2974 663 3033; x_wconf 79' lang='lat' dir='ltr'><strong>hebeni.</strong></span> <span class='ocrx_word' id='word_1_279' title='bbox 708 2972 767 3043; x_wconf 78' lang='lat' dir='ltr'><strong>Qui</strong></span> <span class='ocrx_word' id='word_1_280' title='bbox 796 2992 866 3033; x_wconf 85' lang='lat' dir='ltr'><strong>vero</strong></span> <span class='ocrx_word' id='word_1_281' title='bbox 898 2979 1049 3034; x_wconf 79' lang='lat' dir='ltr'><strong>oooiurom</strong></span> <span class='ocrx_word' id='word_1_282' title='bbox 1079 2975 1203 3047; x_wconf 65' lang='lat' dir='ltr'><strong>nsunt,</strong></span> 
     </span>
     <span class='ocr_line' id='line_1_33' title="bbox 187 3063 1202 3140; baseline -0.003 -14"><span class='ocrx_word' id='word_1_283' title='bbox 187 3069 285 3126; x_wconf 80' lang='lat' dir='ltr'><strong>cubem</strong></span> <span class='ocrx_word' id='word_1_284' title='bbox 307 3067 424 3125; x_wconf 79' lang='lat' dir='ltr'><strong>ionium</strong></span> <span class='ocrx_word' id='word_1_285' title='bbox 446 3063 640 3140; x_wconf 75' lang='lat' dir='ltr'><strong>perfringunt,</strong></span> <span class='ocrx_word' id='word_1_286' title='bbox 662 3082 699 3122; x_wconf 85' lang='lat' dir='ltr'><strong>ne</strong></span> <span class='ocrx_word' id='word_1_287' title='bbox 721 3063 799 3122; x_wconf 82' lang='lat' dir='ltr'><strong>forte</strong></span> <span class='ocrx_word' id='word_1_288' title='bbox 822 3081 909 3123; x_wconf 82' lang='lat' dir='ltr'><strong>oerne</strong></span> <span class='ocrx_word' id='word_1_289' title='bbox 930 3063 1110 3140; x_wconf 82' lang='lat' dir='ltr'><strong>profundius</strong></span> <span class='ocrx_word' id='word_1_290' title='bbox 1132 3082 1202 3139; x_wconf 90' lang='lat' dir='ltr'><strong>per·</strong></span> 
     </span>
     <span class='ocr_line' id='line_1_34' title="bbox 186 3151 1203 3229; baseline -0.002 -13"><span class='ocrx_word' id='word_1_291' title='bbox 186 3155 284 3216; x_wconf 74' lang='lat' dir='ltr'><strong>forata</strong></span> <span class='ocrx_word' id='word_1_292' title='bbox 295 3154 406 3214; x_wconf 77' lang='lat' dir='ltr'><strong>sunites</strong></span> <span class='ocrx_word' id='word_1_293' title='bbox 415 3152 543 3212; x_wconf 87' lang='lat' dir='ltr'><strong>hominis</strong></span> <span class='ocrx_word' id='word_1_294' title='bbox 555 3169 622 3212; x_wconf 85' lang='lat' dir='ltr'><strong>oum</strong></span> <span class='ocrx_word' id='word_1_295' title='bbox 634 3151 778 3228; x_wconf 80' lang='lat' dir='ltr'><strong>sunguine</strong></span> <span class='ocrx_word' id='word_1_296' title='bbox 789 3153 884 3229; x_wconf 81' lang='lat' dir='ltr'><strong>mugio</strong></span> <span class='ocrx_word' id='word_1_297' title='bbox 900 3152 1003 3213; x_wconf 76' lang='lat' dir='ltr'><strong>effluat</strong></span> <span class='ocrx_word' id='word_1_298' title='bbox 1014 3171 1104 3228; x_wconf 84' lang='lat' dir='ltr'><strong>quem</strong></span> <span class='ocrx_word' id='word_1_299' title='bbox 1118 3151 1203 3214; x_wconf 79' lang='lat' dir='ltr'><strong>tobes</strong></span> 
     </span>
     <span class='ocr_line' id='line_1_35' title="bbox 187 3241 1203 3320; baseline -0.002 -16"><span class='ocrx_word' id='word_1_300' title='bbox 187 3248 218 3304; x_wconf 80' lang='lat' dir='ltr'><strong>et</strong></span> <span class='ocrx_word' id='word_1_301' title='bbox 251 3263 341 3320; x_wconf 86' lang='lat' dir='ltr'><strong>quem</strong></span> <span class='ocrx_word' id='word_1_302' title='bbox 376 3243 456 3302; x_wconf 84' lang='lat' dir='ltr'><strong>noxii</strong></span> <span class='ocrx_word' id='word_1_303' title='bbox 489 3241 636 3306; x_wconf 87' lang='lat' dir='ltr'><strong>humores.</strong></span> <span class='ocrx_word' id='word_1_304' title='bbox 691 3241 750 3311; x_wconf 79' lang='lat' dir='ltr'><strong>Qui</strong></span> <span class='ocrx_word' id='word_1_305' title='bbox 788 3244 888 3300; x_wconf 73' lang='lat' dir='ltr'><strong>autem</strong></span> <span class='ocrx_word' id='word_1_306' title='bbox 920 3242 1067 3317; x_wconf 76' lang='lat' dir='ltr'><strong>perfectae</strong></span> <span class='ocrx_word' id='word_1_307' title='bbox 1098 3244 1203 3302; x_wconf 67' lang='lat' dir='ltr'><strong>mnus</strong></span> 
     </span>
     <span class='ocr_line' id='line_1_36' title="bbox 149 3330 1203 3409; baseline 0.001 -20"><span class='ocrx_word' id='word_1_308' title='bbox 149 3342 178 3389; x_wconf 80' lang='lat'><strong>35</strong></span> <span class='ocrx_word' id='word_1_309' title='bbox 190 3336 261 3393; x_wconf 82' lang='lat' dir='ltr'><strong>eunt</strong></span> <span class='ocrx_word' id='word_1_310' title='bbox 283 3336 313 3393; x_wconf 77' lang='lat' dir='ltr'><strong>ei</strong></span> <span class='ocrx_word' id='word_1_311' title='bbox 334 3332 459 3409; x_wconf 79' lang='lat' dir='ltr'><strong>pingues</strong></span> <span class='ocrx_word' id='word_1_312' title='bbox 481 3332 511 3390; x_wconf 89' lang='lat' dir='ltr'><strong>in</strong></span> <span class='ocrx_word' id='word_1_313' title='bbox 535 3349 667 3406; x_wconf 82' lang='lat' dir='ltr'><strong>corpore,</strong></span> <span class='ocrx_word' id='word_1_314' title='bbox 691 3333 841 3390; x_wconf 80' lang='lat' dir='ltr'><strong>oooturem</strong></span> <span class='ocrx_word' id='word_1_315' title='bbox 856 3333 974 3390; x_wconf 77' lang='lat' dir='ltr'><strong>ionium</strong></span> <span class='ocrx_word' id='word_1_316' title='bbox 988 3349 1043 3406; x_wconf 86' lang='lat' dir='ltr'><strong>per</strong></span> <span class='ocrx_word' id='word_1_317' title='bbox 1057 3330 1203 3391; x_wconf 84' lang='lat' dir='ltr'><strong>oiroulum</strong></span> 
     </span>
     <span class='ocr_line' id='line_1_37' title="bbox 188 3418 1203 3496; baseline -0.002 -15"><span class='ocrx_word' id='word_1_318' title='bbox 188 3423 277 3482; x_wconf 85' lang='lat' dir='ltr'><strong>unius</strong></span> <span class='ocrx_word' id='word_1_319' title='bbox 309 3421 378 3481; x_wconf 86' lang='lat' dir='ltr'><strong>enni</strong></span> <span class='ocrx_word' id='word_1_320' title='bbox 409 3420 537 3480; x_wconf 68' lang='lat' dir='ltr'><strong>habeant</strong></span> <span class='ocrx_word' id='word_1_321' title='bbox 567 3424 597 3480; x_wconf 86' lang='lat' dir='ltr'><strong>et</strong></span> <span class='ocrx_word' id='word_1_322' title='bbox 629 3422 732 3496; x_wconf 76' lang='lat' dir='ltr'><strong>postea</strong></span> <span class='ocrx_word' id='word_1_323' title='bbox 763 3437 816 3494; x_wconf 87' lang='lat' dir='ltr'><strong>por</strong></span> <span class='ocrx_word' id='word_1_324' title='bbox 839 3418 995 3478; x_wconf 85' lang='lat' dir='ltr'><strong>dimidium</strong></span> <span class='ocrx_word' id='word_1_325' title='bbox 1018 3437 1127 3478; x_wconf 84' lang='lat' dir='ltr'><strong>annum</strong></span> <span class='ocrx_word' id='word_1_326' title='bbox 1150 3419 1203 3480; x_wconf 88' lang='lat' dir='ltr'><strong>ille</strong></span> 
     </span>
     <span class='ocr_line' id='line_1_38' title="bbox 191 3507 1203 3588; baseline -0.003 -17"><span class='ocrx_word' id='word_1_327' title='bbox 191 3515 319 3588; x_wconf 73' lang='lat' dir='ltr'><strong>cernent,</strong></span> <span class='ocrx_word' id='word_1_328' title='bbox 342 3513 372 3570; x_wconf 75' lang='lat' dir='ltr'><strong>et</strong></span> <span class='ocrx_word' id='word_1_329' title='bbox 393 3512 465 3570; x_wconf 77' lang='lat' dir='ltr'><strong>buno</strong></span> <span class='ocrx_word' id='word_1_330' title='bbox 487 3509 606 3582; x_wconf 66' lang='lat' dir='ltr'><strong>berum,</strong></span> <span class='ocrx_word' id='word_1_331' title='bbox 630 3507 655 3570; x_wconf 87' lang='lat' dir='ltr'><strong>si</strong></span> <span class='ocrx_word' id='word_1_332' title='bbox 677 3507 834 3584; x_wconf 71' lang='lat' dir='ltr'><strong>voluerint,</strong></span> <span class='ocrx_word' id='word_1_333' title='bbox 858 3527 921 3568; x_wconf 85' lang='lat' dir='ltr'><strong>eom</strong></span> <span class='ocrx_word' id='word_1_334' title='bbox 936 3508 968 3568; x_wconf 90' lang='lat' dir='ltr'><strong>in</strong></span> <span class='ocrx_word' id='word_1_335' title='bbox 984 3507 1042 3566; x_wconf 83' lang='lat' dir='ltr'><strong>elio</strong></span> <span class='ocrx_word' id='word_1_336' title='bbox 1057 3507 1122 3568; x_wconf 90' lang='lat' dir='ltr'><strong>looo</strong></span> <span class='ocrx_word' id='word_1_337' title='bbox 1138 3525 1203 3568; x_wconf 90' lang='lat' dir='ltr'><strong>oor·</strong></span> 
     </span>
    </p>
   </div>
   <div class='ocr_carea' id='block_1_3' title="bbox 0 0 1336 3932">
    <p class='ocr_par' dir='ltr' id='par_1_9' title="bbox 0 0 1336 3932">
     <span class='ocr_line' id='line_1_39' title="bbox 0 0 1336 3932; baseline 0 0"><span class='ocrx_word' id='word_1_338' title='bbox 0 0 1336 3932; x_wconf 95' lang='lat' dir='ltr'><strong> </strong></span> 
     </span>
    </p>
   </div>
  </div>
 </body>
</html>
