2680 3938
202 141 244 199 40
588 129 834 187 HILDEGARDIS

201 319 320 392 flueret,
349 317 375 376 si
401 316 554 392 ignomin
579 333 610 375 se
636 334 695 375 non
721 315 854 391 haberet,
889 317 919 374 et
945 315 1024 392 ignis
1053 336 1227 394 numquam
1336 381 1337 386 ,

202 406 435 482 extingueretur,
472 405 523 464 sed
550 424 664 482 semper
687 405 815 481 arderet,
846 405 871 464 si
893 405 989 482 frigus
1011 424 1104 481 equae
1127 407 1161 466 in
1185 427 1222 469 eo

202 515 260 555 non
282 497 366 557 esset.
411 495 451 554 Et
472 494 550 571 ignis
573 495 617 554 est
639 494 729 554 etiam
744 495 1011 570 temperamentum
1026 499 1124 554 terrae
1139 497 1221 556 fruo-

201 589 251 645 tus
286 585 349 644 eius
389 584 533 643 firmando
570 587 601 644 et
636 584 771 644 siccando
808 586 897 660 atque
938 584 976 643 ad
1014 585 1223 646 maturitatem

174 674 401 751 sperduoendo.
448 673 541 732 Terra
556 678 656 733 autem
672 673 859 732 obstaculum
873 672 951 750 ignis
967 675 1019 748 991,
1042 692 1079 732 ne
1094 674 1221 734 modum

202 761 826 928 tttttttqttttttttatt
848 762 1224 927 tttttttttt

201 943 270 1014 eius,
293 943 336 1001 ita
359 941 440 1018 quod
462 941 572 1000 retinet
594 940 816 1000 fluctuationem
831 940 913 999 illius
928 939 960 998 in
975 945 1056 1000 recta
1071 960 1223 1007 mensura.
1334 930 1335 947 ¹

200 1031 274 1091 Nam
298 1032 323 1090 91
355 1050 463 1108 aquam
485 1031 517 1088 in
544 1031 627 1088 reeta
654 1047 793 1090 mensura
819 1032 850 1088 et
874 1029 981 1089 itinero
1009 1048 1068 1089 non
1094 1033 1224 1110 teneret,

162 1122 252 1179 roilla
275 1139 365 1195 supra
388 1119 510 1179 modum
526 1118 662 1179 efflueret
676 1125 707 1178 91
730 1119 835 1190 omnia,
864 1119 1000 1194 adquae
1023 1120 1224 1198 pertingeret,

200 1208 410 1285 submergeret.
455 1207 545 1284 Aqua
575 1227 644 1268 uero
674 1208 747 1267 19911
774 1227 870 1267 aeram
897 1208 1006 1284 agilem
1034 1210 1064 1267 91
1086 1209 1224 1269 velocem

200 1300 231 1357 in
254 1297 381 1357 volando
404 1299 435 1356 et
457 1297 587 1356 fertilem
608 1297 640 1356 in
662 1297 804 1372 sudando,
826 1297 869 1356 ita
884 1296 965 1373 quod
987 1297 1038 1356 ille
1054 1296 1106 1356 (191
1119 1301 1223 1358 191199

201 1387 419 1458 fecunditatem,
452 1405 521 1445 oum
550 1405 647 1445 rorem
678 1407 713 1446 ex
740 1405 771 1445 99
793 1405 882 1461 super
906 1405 972 1445 eam
994 1385 1113 1446 emittit
1155 1387 1224 1446 Aer

201 1493 319 1551 quoque
352 1476 397 1534 est
428 1476 513 1552 quasi
543 1475 669 1551 pallium
691 1477 804 1551 191199,
837 1475 908 1551 qnia
930 1475 1044 1534 aestum
1067 1478 1097 1535 et
1119 1476 1222 1553 frigus

161 1576 187 1622 15
202 1564 237 1623 ab
261 1583 295 1622 99
318 1564 449 1640 depellit,
473 1583 541 1623 oum
555 1564 639 1623 illam
653 1568 801 1640 temperat
816 1566 846 1624 91
861 1583 930 1624 oum
944 1566 1042 1623 191199
1056 1583 1155 1624 rorem
1170 1566 1218 1624 in-

199 1653 314 1714 fusione
345 1671 399 1712 999
425 1654 570 1716 immittit.
615 1655 707 1713 Terra
734 1657 833 1714 autem
860 1657 906 1714 991
933 1655 1017 1714 velut
1039 1655 1164 1732 spongia
1186 1659 1222 1715 et
1333 1639 1335 1683 ’Ῑ

199 1743 333 1820 materia,
364 1762 441 1819 quae
472 1743 598 1803 attrahit
629 1749 660 1802 91
691 1743 815 1818 suscipit
845 1743 1060 1802 fecunditatem
1087 1744 1124 1802 ab
1152 1743 1219 1820 1119,

200 1833 348 1909 quoniam,
372 1833 398 1891 si
420 1836 501 1893 terra
515 1851 574 1892 non
589 1834 673 1905 esset,
697 1851 747 1892 aer
763 1831 895 1892 officium
909 1851 1005 1907 suum,
1030 1851 1089 1908 quo
1104 1834 1219 1892 terram
1336 1883 1337 1892 ,

199 1923 347 1998 fecundat,
379 1941 438 1980 non
469 1922 600 1986 haberet,
641 1920 703 2009 §ed
735 1940 813 1997 aqua
844 1921 1012 1998 coagulatio
1044 1923 1142 1980 191199
1172 1925 1218 1982 991

159 2020 187 2066 20
201 2015 231 2071 91
254 2011 432 2088 constringit
454 2014 484 2071 91
507 2012 609 2071 domat
626 2030 699 2087 eam,
719 2030 755 2070 ne
778 2011 907 2072 diffluat.
947 2011 1038 2070 Terra
1059 2029 1129 2070 vero
1152 2029 1215 2071 sus·

199 2100 276 2160 tinet
308 2101 338 2159 et
370 2100 500 2159 continet
531 2119 638 2175 aquam
666 2100 791 2160 etfacit
818 2101 846 2158 91
873 2103 955 2160 19919
985 2099 1091 2158 itinera
1119 2101 1218 2160 91991
1332 2100 1335 2129 ¹

199 2188 373 2248 sustentatio
404 2189 467 2248 eius
498 2189 643 2265 superius,
677 2193 714 2248 nt
743 2191 858 2248 rectum
884 2190 942 2249 1191
963 2187 1079 2266 habeat,
1107 2193 1138 2248 et
1160 2189 1217 2249 sub

199 2295 239 2353 se,
262 2296 299 2335 ne
321 2278 430 2336 iniuste
453 2279 599 2340 ascendat.
644 2276 719 2337 Nam
751 2278 856 2338 subtus
888 2297 918 2338 se
945 2277 1105 2338 obumbrat
1131 2278 1217 2337 illam
1334 2271 1337 2319 s

200 2370 230 2426 91
266 2385 356 2442 super
390 2385 419 2426 se
458 2368 588 2427 continet
625 2386 697 2428 eam.
754 2367 815 2427 Ros
853 2370 969 2443 antem,
1013 2367 1066 2442 qui
1103 2369 1217 2426 terram

158 2466 186 2512 25
199 2457 347 2528 fecundat,
381 2459 416 2515 ut
439 2474 529 2532 supra
552 2455 665 2516 dietum
688 2459 740 2532 991,
771 2456 807 2515 de
829 2458 1059 2533 temperamento
1083 2456 1161 2534 ignis
1185 2461 1217 2517 et
1301 2511 1305 2518 .

199 2546 274 2605 aeris
296 2546 387 2606 venit.

265 2637 312 2695 De
341 2651 416 2696 rore.
461 2633 537 2692 Nam
568 2653 636 2694 oum
667 2634 745 2711 ignis
777 2636 807 2694 91
840 2653 890 2693 991
923 2633 1048 2695 invicem
1082 2634 1216 2694 officium
1336 2677 1337 2692 2

199 2741 287 2782 suum
316 2725 347 2782 in
378 2723 494 2799 placido
521 2727 753 2799 temperamento
776 2723 807 2782 in
830 2724 950 2783 aestatis
973 2727 1107 2798 tempore
1131 2743 1215 2783 exer·

199 2815 273 2888 cent,
296 2812 328 2871 in
351 2812 467 2887 placida
487 2815 517 2872 91
539 2813 638 2872 lueida
661 2831 734 2870 aura
755 2813 865 2888 absque
880 2813 1075 2873 commotione
1090 2816 1214 2890 tempes-

157 2912 185 2958 30
198 2905 298 2960 tatum
319 2905 443 2977 propter
465 2902 600 2973 calorem,
624 2920 712 2976 quem
734 2904 806 2961 tuno
829 2902 956 2961 invicem
975 2901 1092 2978 babent,
1116 2921 1216 2962 rorem

199 2990 322 3066 sudant,
339 2991 392 3067 qui
415 2991 574 3050 salubriter
595 2990 809 3051 fecunditatem
833 2993 863 3050 91
885 2990 1072 3050 fertilitatem
1095 2991 1132 3049 ad
1154 2993 1214 3050 uti·

197 3080 315 3138 litatem
338 3080 493 3140 fructuum
515 3081 612 3138 terrae
635 3079 718 3139 velut
741 3097 838 3138 semen
861 3079 1032 3140 infundunt.

264 3169 309 3228 De
326 3171 452 3242 pruina.
485 3167 559 3228 (lum
582 3171 682 3228 autem
705 3187 755 3227 aer
776 3169 808 3227 in
830 3168 927 3228 hieme
950 3168 987 3228 ad
1002 3169 1099 3247 frigus
1114 3171 1213 3230 terrae
1336 3165 1337 3198 ³

201 3277 231 3316 99
263 3257 400 3333 inclinat,
431 3277 466 3318 ex
492 3257 547 3316 bao
569 3257 774 3317 coniunctione
797 3260 827 3318 91
849 3258 998 3318 collisione
1020 3259 1159 3335 pruinam
1182 3262 1213 3319 91

156 3356 184 3402 35
197 3348 260 3423 ipse
291 3349 321 3406 91
351 3347 449 3425 frigus
476 3347 619 3422 educunt,
651 3366 727 3423 quae
763 3351 793 3406 et
824 3347 929 3407 herbas
962 3351 992 3408 et
1024 3350 1212 3422 erumpentes

196 3437 283 3496 flores
304 3436 397 3497 laedit
419 3441 449 3497 91
467 3439 578 3496 terram
594 3437 819 3514 constringendo
835 3437 966 3497 arefacit.
1000 3435 1085 3495 Nunc
1100 3438 1212 3512 autem,

197 3529 232 3585 ut
259 3527 426 3602 praefatum
457 3529 513 3602 est,
546 3527 703 3603 elementa,
734 3545 770 3585 ex
797 3526 904 3603 quibus
931 3524 1059 3584 mundns
1086 3526 1211 3598 constat,
