2662 3932
207 197 268 261 148
595 195 841 250 HILDEGARDIS

204 398 274 439 vero
299 378 334 437 de
356 377 471 438 laetitia
493 378 646 448 oriuntur,
677 379 803 438 leniores
831 382 901 436 sunt
924 398 1015 454 quam
1037 380 1114 447 11166,
1141 399 1251 456 quae

206 469 242 528 de
264 468 389 526 tristitie
411 469 580 545 insurgunt.
625 467 699 527 Oum
723 469 801 526 enim
824 468 922 526 anima
943 487 998 544 per
1019 469 1186 527 tristitiam
1208 471 1249 527 61

203 577 258 633 per
288 558 474 617 intellectum
507 575 537 616 se
569 557 728 634 aliquando
758 557 944 634 recognoscit
971 558 1123 617 caelestem
1145 577 1242 629 esse,

204 647 255 705 sed
277 646 326 705 hie
348 647 379 704 in
402 647 512 705 mundo
536 647 736 724 peregrinam,
765 650 885 704 etcum
908 647 936 704 ei
958 665 1065 722 corpus
1088 647 1243 706 inbono

176 735 359 806 5666666111,
392 735 435 794 116
463 735 544 811 quod
567 735 598 792 in
620 735 728 794 sanctis
751 735 891 810 operibus
913 755 1007 793 unum
1037 740 1115 810 sunt,
1147 738 1242 796 tunc

205 825 314 902 absque
336 825 446 883 nebula
469 828 499 883 61
521 824 631 900 absque
653 824 774 882 turbine
788 824 865 881 fumi
881 842 949 882 oum
965 824 1102 900 suspiriis
1118 826 1240 901 gaudii

208 917 238 972 et
259 913 389 972 laetitiae
412 932 466 989 per
488 912 652 989 praedictas
675 931 763 972 venas
787 913 918 972 suaviter
940 913 1076 972 lacrimas
1100 915 1138 971 ad
1153 933 1237 974 ocu-

203 1004 249 1062 los
270 1003 367 1061 mittit
389 1005 420 1060 et
442 1021 489 1060 aas
512 1005 548 1060 ut
570 1021 691 1061 suavem
714 1002 827 1061 fontem
851 1001 959 1061 educit.
1003 1002 1043 1060 Et
1063 1002 1119 1061 hae
1135 1005 1232 1062 lacri-

204 1111 270 1150 mae
298 1111 348 1150 cor
374 1091 502 1150 hominis
530 1110 587 1149 non
616 1094 775 1149 conterunt
801 1110 855 1150 666
877 1091 1050 1168 sanguinem
1073 1093 1138 1150 eius
1161 1112 1233 1151 are-

166 1189 192 1232 10
205 1181 320 1240 1661661
341 1198 394 1239 666
417 1198 533 1239 carnem
556 1184 706 1239 macerant
727 1199 781 1238 neo
802 1181 895 1239 oculis
911 1181 1066 1257 caliginem
1081 1181 1232 1246 inferunt.

271 1270 316 1328 De
334 1271 532 1342 paenitentia.
580 1269 612 1328 Si
636 1270 703 1346 quis
725 1269 903 1345 paenitendo
918 1270 1039 1345 peccata
1054 1289 1109 1328 sua
1125 1270 1227 1346 deflet,

205 1359 260 1417 hae
282 1358 420 1417 lacrimae
443 1359 567 1418 tristitia
590 1362 620 1418 61
642 1359 756 1416 16611116
778 1359 940 1433 permixtae
963 1361 1032 1418 sunt
1055 1361 1087 1417 et
1102 1362 1227 1418 tantum

205 1466 345 1523 oppressa
367 1449 464 1505 mente
487 1448 549 1506 sine
572 1449 656 1506 fumo
680 1446 861 1519 educuntur;
884 1448 933 1506 sed
958 1448 1145 1523 aliquantum
1161 1467 1225 1507 san-

205 1538 327 1613 guinem
350 1537 513 1595 arefaciunt
535 1556 569 1596 ac
591 1556 708 1596 carnem
730 1540 880 1595 maoeraut
903 1540 933 1596 et
954 1536 1112 1612 caliginem
1129 1539 1223 1598 666116

165 1634 192 1677 1⁵
206 1627 393 1702 aliquantum
415 1625 569 1698 inducunt,
593 1627 674 1702 quod
698 1644 839 1702 oppressa
861 1629 958 1684 menta
974 1627 1149 1701 procedunt,
1171 1647 1222 1686 66-

206 1735 264 1792 666
287 1715 359 1774 dum
381 1735 434 1791 per
458 1716 691 1775 emendationem
714 1715 744 1772 in
773 1715 814 1774 eis
846 1715 962 1773 laetitia
993 1715 1118 1777 oriatur.
1165 1715 1226 1786 Qui

206 1807 307 1863 autem
329 1805 365 1864 de
387 1804 494 1882 pingui
516 1808 624 1863 natura
647 1806 718 1864 sunt
739 1804 810 1878 nati,
834 1805 960 1881 pingues
982 1823 1070 1863 venas
1087 1807 1119 1863 61
1134 1806 1225 1864 molle

205 1913 257 1953 cor
279 1893 388 1952 habent
412 1897 441 1952 et
463 1894 549 1953 facile
573 1895 693 1968 plorant
716 1896 746 1952 et
768 1893 854 1952 facile
878 1894 1037 1956 laetantur.
1076 1893 1137 1963 Qui
1152 1913 1224 1953 vero

206 1983 241 2042 de
265 1983 347 2042 arida
362 1986 470 2042 natura
484 1985 547 2041 nati
562 1986 639 2058 sunt,
657 1983 766 2041 durum
783 2001 833 2040 cor
848 1986 884 2041 ut
899 1984 990 2041 callos
1004 1981 1124 2057 habent,
1150 2002 1228 2059 6666

165 2077 192 2122 2⁰
205 2073 337 2148 reliquae
361 2073 440 2130 carni
464 2073 568 2131 durior
590 2075 642 2144 est,
666 2076 696 2131 et
718 2090 785 2130 raro
809 2075 840 2130 et
862 2072 912 2131 vix
939 2073 1058 2148 plorant
1085 2075 1116 2130 et
1145 2091 1226 2131 acres

204 2163 235 2220 in
258 2161 407 2220 mentibus
431 2161 492 2220 suis
516 2162 594 2223 6661.
639 2159 790 2220 Lacrimae
819 2163 932 2232 autem,
961 2179 1037 2236 6666
1064 2179 1134 2219 cum
1162 2180 1225 2220 sus·

204 2250 289 2326 piriis
312 2250 350 2307 ad
373 2252 473 2309 oculos
496 2249 665 2320 trahuntur,
697 2249 722 2308 si
755 2249 790 2308 ab
823 2249 917 2308 oculis
948 2268 1006 2308 666
1030 2250 1228 2323 emittuntur,

205 2343 278 2397 tunc
301 2339 337 2396 ed
360 2338 508 2409 humores,
533 2339 587 2415 qui
609 2340 640 2396 in
663 2357 785 2415 corpore
809 2338 937 2398 hominis
961 2342 1044 2409 sunt,
1068 2344 1170 2399 revert
1215 2373 1225 2385 ·

204 2432 257 2487 tur
280 2432 310 2486 61
333 2447 381 2486 666
412 2427 530 2486 acerbos
558 2430 588 2486 61
616 2431 697 2487 aceto
721 2428 831 2487 similes
853 2432 961 2503 parant
983 2431 1013 2487 et
1036 2431 1141 2504 pectus
1165 2431 1224 2486 ari·

165 2525 191 2568 15
205 2517 278 2575 dum
300 2517 422 2576 faciunt.
467 2516 523 2576 Sed
551 2520 651 2575 tamen
678 2518 759 2592 ipsae
783 2517 819 2575 ad
843 2517 945 2576 666166
968 2518 1173 2592 pervenientes
1196 2523 1228 2576 61

203 2626 262 2665 666
286 2607 439 2665 effluentes
462 2607 513 2665 sed
536 2606 662 2665 interius
685 2606 716 2664 in
739 2605 858 2666 homine
881 2610 1013 2665 retentae
1037 2607 1140 2666 oculos
1167 2625 1229 2666 non

203 2696 334 2754 multum
356 2695 486 2767 laedunt,
510 2696 591 2770 quod
615 2697 652 2754 ab
676 2701 717 2754 eis
741 2714 800 2754 non
824 2696 961 2755 effluunt.

270 2784 315 2844 Dc
329 2783 417 2843 Adae
427 2785 602 2857 6666166116.
638 2783 735 2842 Adam
760 2802 880 2861 quoque
904 2787 971 2842 ante
995 2784 1227 2859 praevaricatio·

203 2891 271 2930 nem
294 2873 463 2950 angelicum
486 2893 604 2932 earnem
628 2877 658 2932 61
681 2893 767 2932 omne
790 2893 884 2951 genus
909 2874 1092 2933 musicorum
1116 2875 1229 2933 sciebat

164 2964 234 3020 3661
256 2980 359 3021 vocem
382 2962 509 3022 habebat
532 2968 692 3039 sonantem,
716 2966 752 3021 ut
774 2981 831 3022 vox
854 2962 1046 3022 monochordi
1061 2966 1156 3024 sonat.
1194 2963 1232 3021 In

204 3051 453 3126 praevaricatione
477 3054 577 3111 autem
600 3053 682 3111 111166
707 3053 742 3110 de
766 3053 877 3111 astutia
898 3052 1042 3126 serpentis
1057 3052 1182 3111 intorsit
1197 3071 1230 3111 se

204 3140 235 3198 in
256 3140 417 3199 medullam
440 3141 524 3199 etin
547 3142 646 3201 femur
668 3141 733 3200 eius
757 3141 881 3216 quidam
904 3144 1026 3215 ventus,
1059 3141 1112 3216 qui
1138 3142 1229 3199 etiam

204 3248 282 3288 nunc
303 3229 335 3288 16
359 3231 440 3289 omni
462 3230 582 3288 homine
605 3234 660 3291 est.
707 3231 746 3289 Et
769 3231 805 3289 de
820 3233 908 3290 vento
926 3231 979 3289 illo
996 3230 1081 3306 splen
1096 3230 1228 3289 hominis

136 3345 141 3352 ⁷
204 3318 427 3396 impinguescit,
459 3323 490 3378 ct
511 3321 613 3397 inepta
635 3320 750 3379 laetitia
774 3323 804 3378 et
825 3320 904 3378 risus
928 3322 1018 3395 61666
1042 3319 1179 3378 cachinni
1195 3320 1227 3378 in

164 3414 191 3462 35
204 3408 320 3468 homine
343 3409 543 3470 excutiuntur.

270 3498 315 3558 Dc
347 3500 491 3559 66611666
523 3503 550 3558 ct
579 3500 654 3563 risa.
699 3496 776 3556 Nam
806 3493 884 3556 61661
911 3498 943 3556 16
970 3496 1225 3573 praevaricatione

204 3585 288 3646 Adae
321 3593 422 3648 sancta
454 3593 484 3648 et
512 3591 592 3648 easta
619 3591 729 3646 natura
756 3587 872 3663 prolem
901 3586 1044 3664 gignendi
1073 3586 1105 3644 in
1135 3587 1231 3646 alium
