2680 3938
377 185 519 242 cousin
535 184 724 244 sucum
743 185 811 242 LIB.
831 185 866 242 H.
1083 192 1126 252 ,67

104 374 234 430 sanctus
256 389 324 431 rore
339 389 393 430 suo
409 369 593 429 viriditatem
612 369 751 429 scientiae
766 369 849 429 illius
863 369 1025 446 perfundit,
1048 369 1126 430 unde

105 465 143 519 ct
171 459 260 520 discit
287 464 317 519 at
344 460 436 536 capit,
469 478 546 536 quaa
573 459 684 518 discere
714 460 791 523 vult.
834 458 919 518 Sicut
941 460 1020 518 enim
1041 462 1127 535 pater

105 553 145 609 et
166 552 264 608 mater
285 549 393 608 infanti
416 566 470 608 suo
493 548 681 625 respondent,
704 566 773 607 cum
796 547 833 607 ab
854 549 895 607 eis
911 547 1026 625 aliquid
1041 549 1128 625 petit,

104 639 154 698 sic
177 639 268 697 etiam
291 638 414 714 spiritus
437 641 555 697 sanctus
578 636 731 696 scientiam
752 636 880 697 hominis
903 637 940 696 ad
963 638 1128 714 quemlibet

106 731 208 786 artem
231 727 362 802 adiuvat,
385 745 454 786 cum
477 745 541 790 eam
562 725 651 787 homo
674 745 728 802 per
751 726 903 802 optionem
925 729 956 785 ct
977 745 1031 803 par
1053 726 1155 787 desi-⁵

106 817 229 876 derium
257 822 287 874 ct
313 834 367 892 per
394 815 526 874 laborem
553 815 664 874 discere
692 816 835 892 quaerit„
865 814 922 874 Sed
947 833 1016 874 cum
1038 815 1127 876 homo

106 925 144 965 se
168 904 206 964 ad
228 905 343 964 malum
370 904 491 981 aliquod
518 908 548 963 ct
575 904 613 962 ed
635 905 744 962 malam
767 907 862 964 artem
884 904 976 963 vertit
999 907 1030 962 et
1050 904 1128 964 illud

107 995 225 1054 discere
257 995 354 1071 cupit,
389 997 461 1053 tunc
495 993 630 1053 diabolus
661 993 717 1054 hoc
748 993 851 1053 videns
882 993 1035 1052 scientiam
1064 994 1128 1053 eius

105 1083 307 1161 perversitate
333 1086 364 1142 et
385 1083 518 1143 versutia
540 1102 594 1142 sua
616 1083 711 1157 afflat,
743 1085 780 1140 ut
806 1083 920 1142 malum
946 1081 1016 1158 hoc,
1047 1083 1128 1158 quod

107 1173 225 1232 discere
248 1171 341 1248 cupit,
365 1172 424 1231 cito
447 1171 550 1246 discat,
574 1171 646 1248 quia
669 1171 758 1230 etiam
779 1171 869 1232 homo
891 1161 1044 1232 scientiam
1059 1171 1128 1232 boni
1141 1179 1170 1227 ιο

107 1263 160 1322 vel
184 1262 255 1319 meli
277 1259 375 1321 habat.
408 1261 573 1338 Postquam
597 1260 818 1332 auteminlans
840 1260 877 1321 de
899 1263 1001 1320 ventre
1024 1260 1128 1323 matris

107 1365 247 1428 egressus
270 1350 377 1425 fuerit,
411 1349 516 1409 deinde
538 1349 670 1425 mobilis,
703 1350 789 1427 agilis
821 1353 852 1409 st
875 1369 999 1427 operans
1022 1353 1067 1409 est
1098 1353 1129 1410 et

108 1439 203 1499 sudat
226 1443 257 1498 ct
279 1439 396 1499 divorsa
416 1439 556 1516 flegmata
579 1443 670 1515 atque
692 1428 831 1512 hunstoe
845 1439 943 1511 habet,
967 1438 1129 1499 secundum

109 1529 195 1606 quod
227 1531 257 1587 ot
286 1531 394 1587 natura
426 1527 635 1605 complexionis
667 1527 703 1587 de
731 1532 801 1588 ortu
823 1529 886 1588 eius
909 1531 954 1587 est
976 1531 1006 1587 st
1028 1547 1128 1588 secuu-

108 1619 188 1677 dum
211 1616 292 1694 quod
319 1617 409 1677 etiam
438 1617 543 1694 augeri
565 1620 595 1677 et
616 1616 713 1675 minui
735 1620 861 1694 possunt
884 1617 921 1677 de
942 1617 1014 1677 escis
1038 1620 1068 1678 ct
1090 1619 1127 1676 do
1141 1625 1168 1672 15

105 1707 241 1784 potibus.

180 1797 227 1855 Dc
250 1792 333 1857 lactc.
367 1793 424 1854 Sed
446 1799 477 1854 ot
499 1814 567 1854 oum
590 1795 699 1854 mulier
721 1813 820 1854 saman
842 1794 879 1853 de
901 1795 967 1854 viro
990 1795 1127 1871 concipit,

107 1885 155 1944 ita
188 1883 269 1961 quod
296 1883 327 1942 in
359 1903 394 1944 co
425 1903 552 1944 erescere
581 1883 704 1961 incipit,
736 1887 810 1943 tunc
841 1883 931 1942 etiam
963 1884 999 1942 de
1026 1884 1128 1943 cadem

107 1974 244 2033 naturali
280 1974 311 2033 vi
348 1973 470 2050 sanguis
496 1973 630 2032 mulieris
658 1991 778 2032 sursum
805 1972 843 2031 ad
868 1972 961 2031 ubera
986 1971 1127 2049 trahitur,

109 2066 142 2122 et
167 2062 247 2140 quod
265 2063 301 2122 de
322 2081 387 2122 esca
410 2065 441 2121 et
462 2065 538 2138 potu
561 2062 681 2139 sanguis
704 2081 766 2121 osse
788 2060 920 2137 debebat,
943 2062 974 2120 in
996 2061 1042 2121 lac
1064 2081 1127 2122 ver·
1141 2069 1170 2116 2⁰

107 2152 204 2227 titur,
236 2155 273 2210 ut
305 2171 340 2210 ex
366 2151 423 2211 hoc
448 2151 545 2210 inians
576 2151 741 2226 nutriatur,
775 2151 828 2227 qui
854 2151 887 2210 in
913 2154 1016 2210 ventre
1042 2150 1127 2212 illius

109 2240 225 2300 crescit.
269 2240 309 2299 lit
336 2243 374 2299 ut
399 2240 497 2299 infans
524 2241 555 2298 in
583 2242 671 2299 utero
701 2240 805 2299 matris
836 2231 909 2299 suaa
939 2240 1056 2312 crescit,
1086 2241 1129 2302 sic

110 2334 143 2390 et
165 2329 213 2389 loc
234 2329 266 2387 in
294 2329 438 2389 ubeiibus
465 2329 529 2388 eius
557 2332 781 2406 augmentatur,
814 2333 851 2387 ut
881 2349 916 2389 ex
946 2329 1002 2390 hoc
1031 2329 1128 2390 infans

107 2419 274 2480 nutriatur.

180 2509 228 2568 Dc
250 2503 389 2569 mulieris
410 2507 598 2570 mbieoticnc.
643 2504 728 2566 Nunc
751 2510 863 2582 autem,
892 2509 929 2565 ut
950 2507 1060 2565 mulier
1082 2511 1128 2567 est
1141 2515 1169 2560 w

108 2595 269 2656 servitium
283 2595 351 2674 viri,
374 2615 470 2674 usqua
494 2595 567 2655 dum
590 2615 685 2654 unum
707 2595 884 2670 efficiantur,
906 2596 950 2654 ita
973 2598 1017 2654 est
1039 2595 1129 2655 etiam

108 2684 219 2744 mulier
247 2685 399 2762 copulatio
427 2685 547 2746 seminis
573 2685 632 2744 viri
659 2685 801 2762 sanguino
828 2703 894 2760 suo,
927 2685 971 2743 ita
1001 2688 1038 2744 ut
1069 2704 1129 2744 una

108 2793 177 2834 caro
202 2774 283 2836 fiant.

178 2863 256 2923 Item
283 2863 319 2923 de
346 2867 494 2938 conceptu.
539 2862 624 2922 Unde
652 2879 721 2921 cum
749 2881 847 2921 semen
877 2862 937 2922 viri
966 2863 998 2921 iu
1027 2862 1128 2924 locum

108 2971 199 3012 suum
230 2951 323 3020 cadit,
354 2956 428 3011 tuuc
451 2952 572 3030 sanguis
594 2953 729 3011 mulieris
752 2971 820 3012 cum
843 2952 997 3011 voluntate
1020 2952 1127 3013 amoris
1142 2964 1170 3009 so

108 3039 189 3100 illud
212 3041 338 3117 suscipit
359 3045 390 3102 et
411 3041 442 3100 in
465 3060 495 3101 sa
518 3041 684 3100 introrsum
705 3041 806 3109 trehit,
830 3041 908 3100 sicut
930 3041 1078 3118 spiramen
1097 3042 1129 3102 in

110 3149 141 3190 sc
163 3129 280 3206 aliquid
295 3129 386 3192 tollit.
419 3130 460 3189 Et
483 3130 525 3190 sio
548 3131 668 3208 sanguis
691 3129 824 3190 mulieris
847 3149 916 3190 cum
939 3130 1048 3190 semino
1070 3131 1129 3190 viri

110 3219 266 3292 miscetur,
299 3222 331 3278 et
352 3238 431 3278 unus
454 3219 576 3296 sanguis
597 3219 643 3290 fit,
674 3220 718 3278 ita
741 3219 823 3296 quod
846 3220 936 3280 etiam
958 3237 1027 3280 caro
1049 3219 1126 3278 eius·

111 3308 178 3367 dam
206 3307 342 3367 mulieris
369 3307 406 3368 de
432 3308 488 3368 hoc
515 3308 662 3384 permixto
690 3308 833 3386 sanguine
862 3309 995 3385 fovetur,
1024 3309 1128 3369 crescit

112 3401 141 3456 et
172 3399 397 3474 augmentatur.
443 3396 489 3456 Ac
514 3396 582 3456 ideo
610 3398 652 3457 sic
679 3400 724 3456 est
750 3396 860 3456 mulier
886 3416 946 3456 una
968 3416 1036 3456 caro
1059 3404 1169 3456 comcs

112 3485 176 3546 viro
210 3485 246 3545 da
282 3485 357 3548 viro.
408 3485 466 3546 sed
499 3505 566 3546 caro
601 3486 660 3546 viri
694 3487 730 3545 do
759 3487 856 3545 calore
887 3489 918 3544 et
949 3486 985 3546 de
1020 3485 1128 3546 sudore

111 3574 246 3635 mulieris
268 3575 395 3634 interius
419 3579 450 3634 et
472 3575 601 3634 exterius
624 3575 773 3652 coquitur,
797 3578 888 3652 atque
910 3575 952 3634 sic
971 3575 1007 3634 de
1022 3593 1128 3650 spuma

968 3675 1006 3728 5*
