2662 3932
375 121 582 176 crossum
601 120 722 177 CURAE
741 121 808 175 LIB.
827 121 861 174 ll.
1061 125 1123 187 153

101 327 177 367 cum
199 307 332 383 periculo
362 307 536 383 sanguinem
566 306 678 366 evomit
701 308 731 364 et
757 307 882 365 interius
910 306 1024 369 arescit.
1069 304 1126 364 Sed

102 399 136 456 et
170 395 331 472 aliquando
363 395 435 454 mali
465 395 613 470 humores
646 395 699 471 qui
730 396 836 471 aquosi
867 397 897 454 et
918 398 1022 456 tenues
1046 397 1125 466 sunt,

101 485 374 561 superhabundant
396 486 427 543 in
449 485 569 544 homine
592 488 622 544 et
649 485 786 560 sanguini
809 505 952 551 venarum
981 486 1012 544 in
1045 488 1126 544 recto

102 578 212 634 meatu
234 593 288 634 suo
312 574 461 634 obsistunt
484 578 514 634 et
536 574 710 650 sanguinem
730 575 793 633 sine
821 575 969 651 egestione
992 573 1127 634 ciborum

102 684 163 740 per
185 664 352 739 posteriora
374 664 498 723 transire
520 663 636 723 faciunt
663 666 693 722 et
720 663 844 722 eundem
876 662 1026 722 bominem
1047 663 1154 738 peri-5
1212 680 1215 686 ·

103 755 177 814 culo
202 754 398 812 substernunt
421 771 455 812 sc
478 773 546 812 eum
569 754 600 811 in
624 751 792 812 ariditatem
819 753 898 812 vitae
927 753 1049 811 ducunt.
1095 750 1127 810 si

106 845 215 902 autem
236 861 290 918 per
312 843 477 918 posteriora
499 862 567 901 cum
590 843 755 920 egressione
778 841 913 902 ciborum
935 841 1044 918 egressi
1065 841 1127 898 sue-

105 933 180 1007 rint,
206 931 331 991 eundem
346 931 495 990 hominem
510 932 683 991 multotiens
698 935 832 1009 purgant
849 935 880 990 et
899 931 1019 990 sanitati
1038 929 1127 988 resti-

105 1023 213 1080 tuunt.
253 1021 381 1092 Quidam
404 1040 474 1080 vero
497 1021 630 1080 homines
654 1022 768 1080 tantam
785 1020 1014 1079 amaritudinem
1031 1017 1128 1077 cordis

108 1115 142 1170 et
165 1110 382 1188 cogitationum
404 1110 435 1169 in
458 1129 490 1170 se
507 1110 623 1178 habant,
647 1112 728 1186 quod
744 1110 845 1169 eedem
860 1109 1028 1169 amaritudo
1045 1107 1128 1183 splen
1143 1113 1168 1157 10

109 1200 292 1277 constringit
320 1202 350 1258 et
379 1199 512 1275 arefacit,
543 1199 622 1259 unde
650 1204 680 1258 et
702 1199 797 1260 bonus
820 1217 937 1270 susem,
966 1198 1018 1274 qui
1046 1197 1129 1272 splen

109 1295 252 1367 vegetare
275 1287 402 1363 deberet,
426 1290 464 1347 ad
486 1289 658 1365 pulmonem
680 1308 733 1364 per
755 1289 866 1348 iniusta
880 1289 1008 1347 intinere
1022 1286 1130 1346 transit

110 1382 142 1439 et
165 1379 210 1437 ibi
233 1376 385 1458 quandem
408 1379 623 1438 concretionem
647 1397 716 1437 cum
738 1379 883 1456 sanguine
905 1381 1000 1454 parat,
1029 1379 1060 1435 et
1086 1374 1130 1434 ita

110 1469 203 1528 bomo
227 1467 279 1525 ille
303 1467 476 1527 multotiens
499 1487 567 1526 oum
593 1468 728 1543 periculo
756 1467 930 1545 sanguinem
958 1468 1073 1527 excreat
1100 1467 1130 1523 at

111 1557 236 1618 evomit
281 1555 339 1616 Sed
363 1557 414 1614 alii
436 1557 570 1616 homines
592 1557 749 1633 suntqui
771 1557 856 1616 triste
880 1559 910 1615 et
932 1573 1063 1615 maerens
1079 1572 1129 1614 cor
1144 1563 1170 1608 15

111 1665 200 1723 saepe
224 1645 340 1721 habent,
374 1649 404 1704 et
432 1647 534 1705 eadem
560 1646 684 1706 tristitia
705 1646 861 1706 interiores
893 1645 1023 1720 venulas,
1054 1663 1130 1720 quae

111 1735 289 1812 sanguinem
313 1753 366 1810 per
390 1753 497 1812 corpus
519 1736 628 1808 ferunt,
652 1736 836 1812 constringit,
859 1735 903 1792 ite
926 1734 1006 1810 quod
1030 1734 1131 1808 eliqua

113 1845 219 1885 eorum
242 1823 448 1900 permodicum
470 1825 654 1884 vulneratur.
699 1824 784 1884 Unde
807 1827 837 1883 et
863 1824 916 1882 illa
940 1826 1043 1899 guttas
1068 1840 1131 1879 san·

113 1914 217 1993 guinis
240 1913 278 1971 ad
300 1913 443 1974 interiora
465 1914 612 1990 paulatim
634 1914 743 1989 fundit,
776 1916 805 1973 et
827 1913 870 1972 ita
892 1911 981 1971 homo
1004 1911 1055 1968 ille
1079 1909 1131 1968 ali·

114 2003 237 2081 quando
260 2003 434 2080 sanguinem
456 2003 575 2075 evomit,
605 2003 657 2062 sed
688 2006 846 2080 postquam
876 2001 956 2060 idem
979 2000 1131 2059 lenitatem
1144 2008 1172 2053 20

115 2096 147 2152 et
169 2092 316 2151 laetitiam
339 2093 446 2151 mentis
468 2093 621 2168 receperit,
651 2093 752 2152 eadem
784 2092 893 2152 venula
915 2092 953 2150 ad
976 2089 1132 2149 sanitatem

114 2182 203 2257 redit,
227 2184 257 2241 et
278 2181 322 2239 ita
343 2180 433 2241 bomo
455 2182 507 2240 ille
530 2200 547 2239 a
568 2182 685 2242 vomitu
706 2182 859 2259 sanguinis
881 2184 982 2240 cessat.

184 2273 232 2331 De
254 2271 435 2330 obstinantia
456 2267 633 2332 indiscreto.
666 2269 741 2330 (lum
763 2289 833 2330 vero
857 2269 978 2345 quidam
1000 2267 1133 2327 homines

115 2359 354 2437 supramodum
377 2360 409 2418 in
436 2360 510 2419 cibis
533 2360 711 2420 abstinentes
734 2363 813 2433 sunt,
844 2361 887 2418 ite
916 2358 996 2435 quod
1023 2358 1133 2416 iustam

116 2453 148 2509 et
182 2453 392 2526 congruentem
426 2450 614 2509 refectionem
654 2449 789 2508 ciborum
827 2449 944 2524 corpori
982 2463 1035 2506 suo
1073 2463 1132 2503 non
1145 2453 1173 2498 2³

116 2539 267 2610 tribuunt,
292 2541 412 2597 etcum
435 2539 524 2598 etiam
547 2538 599 2597 alii
621 2539 773 2598 instabiles
796 2541 827 2597 et
847 2538 927 2597 leves
946 2538 978 2594 in
1000 2534 1133 2594 moribus

116 2629 179 2688 suia
209 2630 280 2686 sunt
313 2628 342 2686 et
366 2628 419 2686 alii
442 2629 547 2687 multis
570 2631 600 2686 et
623 2628 740 2705 magnis
768 2625 964 2704 languoribus
988 2623 1132 2700 occupati,

117 2720 191 2777 tunc
214 2716 374 2793 aliquando
398 2718 558 2794 contingit,
591 2717 673 2793 quod
695 2717 779 2777 velut
804 2718 995 2792 tempestates
1018 2714 1050 2772 in
1073 2730 1134 2772 cor·

117 2807 242 2882 poribus
264 2806 387 2865 illorum
410 2807 558 2881 oriuntur,
581 2825 649 2866 cum
664 2807 816 2881 elementa,
839 2825 914 2882 quae
937 2805 967 2862 in
991 2804 1032 2863 eis
1054 2803 1134 2878 sunt,

118 2897 149 2954 in
183 2895 367 2955 contrarium
398 2896 522 2954 modum
555 2898 724 2955 vertuntur.
779 2893 856 2954 Nam
889 2907 958 2954 cum
992 2894 1070 2971 ignis
1104 2895 1134 2950 et
1147 2897 1175 2942 ³0

117 3004 198 3061 aqua
219 2985 251 3043 in
275 2985 435 3061 praedictis
451 2985 619 3045 hominibus
635 2985 693 3044 sibi
707 2985 834 3044 invicem
849 2987 1025 3061 repugnant,
1049 3000 1135 3057 saepe

118 3074 275 3151 contingit,
298 3075 387 3133 utin
410 3074 511 3150 aliqua
533 3075 707 3151 compagine
727 3073 930 3133 membrorum
953 3073 1000 3133 vel
1022 3073 1053 3130 in
1077 3070 1135 3129 alia

118 3164 221 3240 eliqua
252 3166 338 3239 parte
367 3163 500 3239 corporis
531 3164 588 3223 sibi
619 3167 819 3240 repugnantes
849 3166 1006 3222 occurrant
1034 3165 1065 3220 et
1092 3159 1134 3218 ibi

118 3253 274 3329 pustulam
297 3270 364 3311 cum
387 3256 505 3312 tumore
529 3253 623 3312 carnis
651 3271 807 3330 exsurgere
838 3253 957 3312 facient.
1002 3253 1042 3310 llt
1063 3249 1135 3307 haec

118 3342 243 3418 pustula
265 3342 359 3400 trium
381 3361 525 3419 generum
547 3346 599 3406 est.
1146 3348 1174 3394 35

186 3431 232 3490 De
247 3429 484 3503 apostematibus.
514 3429 591 3491 Nam
607 3431 751 3507 quaedam
767 3434 811 3490 est
833 3432 917 3490 velut
939 3431 1032 3508 nigra,
1057 3448 1134 3505 quae

118 3520 155 3579 de
178 3519 270 3578 nimia
294 3519 473 3580 fortitudine
496 3520 575 3597 ignis
598 3519 775 3597 inturgescit
797 3523 826 3579 et
841 3519 1007 3595 periculum
1023 3519 1134 3578 homini
