<?xml version="1.0" encoding="UTF-8"?>
<!DOCTYPE html PUBLIC "-//W3C//DTD XHTML 1.0 Transitional//EN"
    "http://www.w3.org/TR/xhtml1/DTD/xhtml1-transitional.dtd">
<html xmlns="http://www.w3.org/1999/xhtml" xml:lang="en" lang="en">
 <head>
  <title>
</title>
<meta http-equiv="Content-Type" content="text/html;charset=utf-8" />
  <meta name='ocr-system' content='tesseract 3.04.00' />
  <meta name='ocr-capabilities' content='ocr_page ocr_carea ocr_par ocr_line ocrx_word'/>
</head>
<body>
  <div class='ocr_page' id='page_1' title='image "./hildegardiscaus00hildgoog_0167.png"; bbox 0 0 2662 3932; ppageno 0'>
   <div class='ocr_carea' id='block_1_1' title="bbox 175 135 805 201">
    <p class='ocr_par' dir='ltr' id='par_1_1' title="bbox 175 135 805 201">
     <span class='ocr_line' id='line_1_1' title="bbox 175 135 805 201; baseline 0.003 -12"><span class='ocrx_word' id='word_1_1' title='bbox 175 143 237 201; x_wconf 86' lang='lat'><strong>156</strong></span> <span class='ocrx_word' id='word_1_2' title='bbox 561 135 805 191; x_wconf 78' lang='lat' dir='ltr'><strong>HlbDEGARDIS</strong></span> 
     </span>
    </p>
   </div>
   <div class='ocr_carea' id='block_1_2' title="bbox 115 314 1195 2358">
    <p class='ocr_par' dir='ltr' id='par_1_2' title="bbox 115 314 1195 665">
     <span class='ocr_line' id='line_1_2' title="bbox 115 314 1195 398; baseline 0 -18"><span class='ocrx_word' id='word_1_3' title='bbox 115 314 117 320; x_wconf 71' lang='grc'>’</span> <span class='ocrx_word' id='word_1_4' title='bbox 238 322 284 380; x_wconf 87' lang='lat' dir='ltr'><strong>De</strong></span> <span class='ocrx_word' id='word_1_5' title='bbox 305 321 431 380; x_wconf 77' lang='lat' dir='ltr'><strong>insacia</strong></span> <span class='ocrx_word' id='word_1_6' title='bbox 454 321 481 380; x_wconf 85' lang='lat' dir='ltr'><strong>ct</strong></span> <span class='ocrx_word' id='word_1_7' title='bbox 507 321 706 394; x_wconf 61' lang='lat' dir='ltr'><strong>(epotando.</strong></span> <span class='ocrx_word' id='word_1_8' title='bbox 746 319 785 378; x_wconf 84' lang='lat' dir='ltr'><strong>Ilt</strong></span> <span class='ocrx_word' id='word_1_9' title='bbox 807 320 860 394; x_wconf 88' lang='lat' dir='ltr'><strong>ira,</strong></span> <span class='ocrx_word' id='word_1_10' title='bbox 884 340 960 396; x_wconf 85' lang='lat' dir='ltr'><strong>quaa</strong></span> <span class='ocrx_word' id='word_1_11' title='bbox 982 322 1014 380; x_wconf 90' lang='lat' dir='ltr'><strong>in</strong></span> <span class='ocrx_word' id='word_1_12' title='bbox 1036 321 1109 397; x_wconf 89' lang='lat' dir='ltr'><strong>ipsis</strong></span> <span class='ocrx_word' id='word_1_13' title='bbox 1136 326 1195 398; x_wconf 87' lang='lat' dir='ltr'><strong>est,</strong></span> 
     </span>
     <span class='ocr_line' id='line_1_3' title="bbox 171 408 1193 488; baseline 0.001 -19"><span class='ocrx_word' id='word_1_14' title='bbox 171 415 270 469; x_wconf 89' lang='lat' dir='ltr'><strong>totum</strong></span> <span class='ocrx_word' id='word_1_15' title='bbox 293 408 466 486; x_wconf 88' lang='lat' dir='ltr'><strong>sanguinem</strong></span> <span class='ocrx_word' id='word_1_16' title='bbox 489 423 592 466; x_wconf 87' lang='lat' dir='ltr'><strong>eorum</strong></span> <span class='ocrx_word' id='word_1_17' title='bbox 615 409 646 466; x_wconf 91' lang='lat' dir='ltr'><strong>in</strong></span> <span class='ocrx_word' id='word_1_18' title='bbox 662 409 853 486; x_wconf 88' lang='lat' dir='ltr'><strong>sanguineam</strong></span> <span class='ocrx_word' id='word_1_19' title='bbox 876 413 906 468; x_wconf 90' lang='lat' dir='ltr'><strong>et</strong></span> <span class='ocrx_word' id='word_1_20' title='bbox 929 410 958 468; x_wconf 92' lang='lat' dir='ltr'><strong>in</strong></span> <span class='ocrx_word' id='word_1_21' title='bbox 981 431 1119 488; x_wconf 89' lang='lat' dir='ltr'><strong>magnam</strong></span> <span class='ocrx_word' id='word_1_22' title='bbox 1144 412 1193 470; x_wconf 92' lang='lat' dir='ltr'><strong>in·</strong></span> 
     </span>
     <span class='ocr_line' id='line_1_4' title="bbox 172 498 1195 576; baseline 0.001 -18"><span class='ocrx_word' id='word_1_23' title='bbox 172 500 364 560; x_wconf 70' lang='lat' dir='ltr'><strong>undationem</strong></span> <span class='ocrx_word' id='word_1_24' title='bbox 386 515 472 573; x_wconf 85' lang='lat' dir='ltr'><strong>saepe</strong></span> <span class='ocrx_word' id='word_1_25' title='bbox 494 503 603 569; x_wconf 88' lang='lat' dir='ltr'><strong>movet,</strong></span> <span class='ocrx_word' id='word_1_26' title='bbox 627 501 657 556; x_wconf 90' lang='lat' dir='ltr'><strong>et</strong></span> <span class='ocrx_word' id='word_1_27' title='bbox 678 498 721 558; x_wconf 86' lang='lat' dir='ltr'><strong>sic</strong></span> <span class='ocrx_word' id='word_1_28' title='bbox 743 499 778 556; x_wconf 89' lang='lat' dir='ltr'><strong>de</strong></span> <span class='ocrx_word' id='word_1_29' title='bbox 801 498 994 559; x_wconf 85' lang='lat' dir='ltr'><strong>inundatione</strong></span> <span class='ocrx_word' id='word_1_30' title='bbox 1016 501 1075 558; x_wconf 88' lang='lat' dir='ltr'><strong>ista</strong></span> <span class='ocrx_word' id='word_1_31' title='bbox 1102 501 1195 576; x_wconf 83' lang='lat' dir='ltr'><strong>quasi</strong></span> 
     </span>
     <span class='ocr_line' id='line_1_5' title="bbox 173 587 1193 665; baseline 0.003 -18"><span class='ocrx_word' id='word_1_32' title='bbox 173 589 294 665; x_wconf 86' lang='lat' dir='ltr'><strong>quidam</strong></span> <span class='ocrx_word' id='word_1_33' title='bbox 326 590 427 646; x_wconf 86' lang='lat' dir='ltr'><strong>fumus</strong></span> <span class='ocrx_word' id='word_1_34' title='bbox 454 590 484 646; x_wconf 92' lang='lat' dir='ltr'><strong>et</strong></span> <span class='ocrx_word' id='word_1_35' title='bbox 511 587 618 646; x_wconf 87' lang='lat' dir='ltr'><strong>humor</strong></span> <span class='ocrx_word' id='word_1_36' title='bbox 648 589 801 646; x_wconf 87' lang='lat' dir='ltr'><strong>cerebrum</strong></span> <span class='ocrx_word' id='word_1_37' title='bbox 829 607 931 646; x_wconf 90' lang='lat' dir='ltr'><strong>eorum</strong></span> <span class='ocrx_word' id='word_1_38' title='bbox 959 589 1058 665; x_wconf 84' lang='lat' dir='ltr'><strong>tangit</strong></span> <span class='ocrx_word' id='word_1_39' title='bbox 1085 594 1115 649; x_wconf 90' lang='lat' dir='ltr'><strong>et</strong></span> <span class='ocrx_word' id='word_1_40' title='bbox 1139 609 1193 650; x_wconf 90' lang='lat' dir='ltr'><strong>eos</strong></span> 
     </span>
    </p>

    <p class='ocr_par' dir='ltr' id='par_1_3' title="bbox 145 676 1192 1111">
     <span class='ocr_line' id='line_1_6' title="bbox 145 676 1192 754; baseline 0.002 -17"><span class='ocrx_word' id='word_1_41' title='bbox 145 679 297 739; x_wconf 78' lang='lat' dir='ltr'><strong>sinsanire</strong></span> <span class='ocrx_word' id='word_1_42' title='bbox 320 679 404 751; x_wconf 84' lang='lat' dir='ltr'><strong>facit,</strong></span> <span class='ocrx_word' id='word_1_43' title='bbox 437 676 480 734; x_wconf 87' lang='lat' dir='ltr'><strong>ita</strong></span> <span class='ocrx_word' id='word_1_44' title='bbox 508 676 589 752; x_wconf 90' lang='lat' dir='ltr'><strong>quod</strong></span> <span class='ocrx_word' id='word_1_45' title='bbox 616 678 706 735; x_wconf 90' lang='lat' dir='ltr'><strong>etiam</strong></span> <span class='ocrx_word' id='word_1_46' title='bbox 733 677 886 736; x_wconf 73' lang='lat' dir='ltr'><strong>scientim</strong></span> <span class='ocrx_word' id='word_1_47' title='bbox 912 678 1046 754; x_wconf 87' lang='lat' dir='ltr'><strong>ipsorum</strong></span> <span class='ocrx_word' id='word_1_48' title='bbox 1069 679 1192 740; x_wconf 86' lang='lat' dir='ltr'><strong>minuit.</strong></span> 
     </span>
     <span class='ocr_line' id='line_1_7' title="bbox 171 765 1192 844; baseline 0 -18"><span class='ocrx_word' id='word_1_49' title='bbox 171 768 211 826; x_wconf 79' lang='lat' dir='ltr'><strong>Et</strong></span> <span class='ocrx_word' id='word_1_50' title='bbox 244 787 312 826; x_wconf 90' lang='lat' dir='ltr'><strong>oum</strong></span> <span class='ocrx_word' id='word_1_51' title='bbox 343 767 394 826; x_wconf 91' lang='lat' dir='ltr'><strong>isti</strong></span> <span class='ocrx_word' id='word_1_52' title='bbox 422 765 582 841; x_wconf 89' lang='lat' dir='ltr'><strong>aliquando</strong></span> <span class='ocrx_word' id='word_1_53' title='bbox 612 766 641 824; x_wconf 92' lang='lat' dir='ltr'><strong>in</strong></span> <span class='ocrx_word' id='word_1_54' title='bbox 672 766 746 824; x_wconf 87' lang='lat' dir='ltr'><strong>iram</strong></span> <span class='ocrx_word' id='word_1_55' title='bbox 775 770 933 826; x_wconf 87' lang='lat' dir='ltr'><strong>moventur</strong></span> <span class='ocrx_word' id='word_1_56' title='bbox 955 771 985 826; x_wconf 88' lang='lat' dir='ltr'><strong>et</strong></span> <span class='ocrx_word' id='word_1_57' title='bbox 1008 767 1192 844; x_wconf 87' lang='lat' dir='ltr'><strong>quibusdam</strong></span> 
     </span>
     <span class='ocr_line' id='line_1_8' title="bbox 172 855 1191 932; baseline 0 -16"><span class='ocrx_word' id='word_1_58' title='bbox 172 856 372 916; x_wconf 86' lang='lat' dir='ltr'><strong>saecularibus</strong></span> <span class='ocrx_word' id='word_1_59' title='bbox 404 855 550 932; x_wconf 86' lang='lat' dir='ltr'><strong>angustiis</strong></span> <span class='ocrx_word' id='word_1_60' title='bbox 580 859 794 932; x_wconf 80' lang='lat' dir='ltr'><strong>aggravantur,</strong></span> <span class='ocrx_word' id='word_1_61' title='bbox 832 855 889 914; x_wconf 91' lang='lat' dir='ltr'><strong>hoc</strong></span> <span class='ocrx_word' id='word_1_62' title='bbox 916 856 1051 916; x_wconf 90' lang='lat' dir='ltr'><strong>diabolus</strong></span> <span class='ocrx_word' id='word_1_63' title='bbox 1085 857 1191 917; x_wconf 85' lang='lat' dir='ltr'><strong>videns</strong></span> 
     </span>
     <span class='ocr_line' id='line_1_9' title="bbox 172 945 1191 1024; baseline 0.001 -20"><span class='ocrx_word' id='word_1_64' title='bbox 172 946 262 1004; x_wconf 87' lang='lat' dir='ltr'><strong>etiam</strong></span> <span class='ocrx_word' id='word_1_65' title='bbox 285 947 359 1004; x_wconf 92' lang='lat' dir='ltr'><strong>flatu</strong></span> <span class='ocrx_word' id='word_1_66' title='bbox 382 945 581 1022; x_wconf 81' lang='lat' dir='ltr'><strong>suggestionis</strong></span> <span class='ocrx_word' id='word_1_67' title='bbox 603 961 673 1004; x_wconf 89' lang='lat' dir='ltr'><strong>suae</strong></span> <span class='ocrx_word' id='word_1_68' title='bbox 689 963 738 1003; x_wconf 90' lang='lat' dir='ltr'><strong>eos</strong></span> <span class='ocrx_word' id='word_1_69' title='bbox 753 948 857 1017; x_wconf 83' lang='lat' dir='ltr'><strong>terret3</strong></span> <span class='ocrx_word' id='word_1_70' title='bbox 879 946 958 1004; x_wconf 90' lang='lat' dir='ltr'><strong>unde</strong></span> <span class='ocrx_word' id='word_1_71' title='bbox 981 947 1087 1018; x_wconf 87' lang='lat' dir='ltr'><strong>anima,</strong></span> <span class='ocrx_word' id='word_1_72' title='bbox 1111 966 1191 1024; x_wconf 88' lang='lat' dir='ltr'><strong>quae</strong></span> 
     </span>
     <span class='ocr_line' id='line_1_10' title="bbox 171 1033 1191 1111; baseline 0.001 -18"><span class='ocrx_word' id='word_1_73' title='bbox 171 1036 202 1093; x_wconf 91' lang='lat' dir='ltr'><strong>in</strong></span> <span class='ocrx_word' id='word_1_74' title='bbox 230 1036 301 1111; x_wconf 90' lang='lat' dir='ltr'><strong>ipsis</strong></span> <span class='ocrx_word' id='word_1_75' title='bbox 335 1037 387 1108; x_wconf 89' lang='lat' dir='ltr'><strong>est,</strong></span> <span class='ocrx_word' id='word_1_76' title='bbox 420 1033 548 1108; x_wconf 85' lang='lat' dir='ltr'><strong>fatigata</strong></span> <span class='ocrx_word' id='word_1_77' title='bbox 577 1033 745 1092; x_wconf 83' lang='lat' dir='ltr'><strong>succumbit</strong></span> <span class='ocrx_word' id='word_1_78' title='bbox 776 1037 806 1092; x_wconf 88' lang='lat' dir='ltr'><strong>et</strong></span> <span class='ocrx_word' id='word_1_79' title='bbox 833 1053 863 1092; x_wconf 89' lang='lat' dir='ltr'><strong>se</strong></span> <span class='ocrx_word' id='word_1_80' title='bbox 895 1033 1056 1106; x_wconf 88' lang='lat' dir='ltr'><strong>subtrahit,</strong></span> <span class='ocrx_word' id='word_1_81' title='bbox 1089 1055 1124 1094; x_wconf 89' lang='lat' dir='ltr'><strong>ac</strong></span> <span class='ocrx_word' id='word_1_82' title='bbox 1146 1037 1191 1094; x_wconf 91' lang='lat' dir='ltr'><strong>sic</strong></span> 
     </span>
    </p>

    <p class='ocr_par' dir='ltr' id='par_1_4' title="bbox 132 1122 1191 1556">
     <span class='ocr_line' id='line_1_11' title="bbox 132 1122 1189 1201; baseline -0.001 -16"><span class='ocrx_word' id='word_1_83' title='bbox 132 1140 159 1185; x_wconf 89' lang='lat'><strong>10</strong></span> <span class='ocrx_word' id='word_1_84' title='bbox 172 1143 278 1200; x_wconf 85' lang='lat' dir='ltr'><strong>corpus</strong></span> <span class='ocrx_word' id='word_1_85' title='bbox 301 1123 460 1182; x_wconf 90' lang='lat' dir='ltr'><strong>deficiendo</strong></span> <span class='ocrx_word' id='word_1_86' title='bbox 485 1122 564 1180; x_wconf 87' lang='lat' dir='ltr'><strong>cadit</strong></span> <span class='ocrx_word' id='word_1_87' title='bbox 587 1128 676 1198; x_wconf 88' lang='lat' dir='ltr'><strong>atque</strong></span> <span class='ocrx_word' id='word_1_88' title='bbox 698 1123 743 1182; x_wconf 90' lang='lat' dir='ltr'><strong>ita</strong></span> <span class='ocrx_word' id='word_1_89' title='bbox 764 1123 794 1181; x_wconf 92' lang='lat' dir='ltr'><strong>in</strong></span> <span class='ocrx_word' id='word_1_90' title='bbox 818 1123 968 1182; x_wconf 87' lang='lat' dir='ltr'><strong>defectum</strong></span> <span class='ocrx_word' id='word_1_91' title='bbox 982 1125 1065 1200; x_wconf 87' lang='lat' dir='ltr'><strong>iacet,</strong></span> <span class='ocrx_word' id='word_1_92' title='bbox 1090 1144 1189 1201; x_wconf 89' lang='lat' dir='ltr'><strong>usque</strong></span> 
     </span>
     <span class='ocr_line' id='line_1_12' title="bbox 171 1211 1189 1290; baseline 0 -18"><span class='ocrx_word' id='word_1_93' title='bbox 171 1215 244 1272; x_wconf 91' lang='lat' dir='ltr'><strong>dum</strong></span> <span class='ocrx_word' id='word_1_94' title='bbox 274 1214 371 1272; x_wconf 79' lang='lat' dir='ltr'><strong>anima</strong></span> <span class='ocrx_word' id='word_1_95' title='bbox 404 1213 513 1271; x_wconf 88' lang='lat' dir='ltr'><strong>iterum</strong></span> <span class='ocrx_word' id='word_1_96' title='bbox 544 1213 703 1288; x_wconf 87' lang='lat' dir='ltr'><strong>resumptis</strong></span> <span class='ocrx_word' id='word_1_97' title='bbox 737 1211 852 1271; x_wconf 87' lang='lat' dir='ltr'><strong>viribus</strong></span> <span class='ocrx_word' id='word_1_98' title='bbox 879 1214 1021 1290; x_wconf 85' lang='lat' dir='ltr'><strong>exsurgit.</strong></span> <span class='ocrx_word' id='word_1_99' title='bbox 1064 1213 1105 1273; x_wconf 81' lang='lat' dir='ltr'><strong>Et</strong></span> <span class='ocrx_word' id='word_1_100' title='bbox 1127 1215 1189 1290; x_wconf 88' lang='lat' dir='ltr'><strong>isti,</strong></span> 
     </span>
     <span class='ocr_line' id='line_1_13' title="bbox 171 1301 1191 1377; baseline 0.002 -17"><span class='ocrx_word' id='word_1_101' title='bbox 171 1304 223 1377; x_wconf 91' lang='lat' dir='ltr'><strong>qui</strong></span> <span class='ocrx_word' id='word_1_102' title='bbox 247 1303 302 1361; x_wconf 93' lang='lat' dir='ltr'><strong>hoc</strong></span> <span class='ocrx_word' id='word_1_103' title='bbox 324 1302 402 1362; x_wconf 88' lang='lat' dir='ltr'><strong>malo</strong></span> <span class='ocrx_word' id='word_1_104' title='bbox 431 1301 609 1375; x_wconf 85' lang='lat' dir='ltr'><strong>fatigantur,</strong></span> <span class='ocrx_word' id='word_1_105' title='bbox 638 1301 817 1360; x_wconf 86' lang='lat' dir='ltr'><strong>iracundum</strong></span> <span class='ocrx_word' id='word_1_106' title='bbox 844 1302 941 1360; x_wconf 87' lang='lat' dir='ltr'><strong>visum</strong></span> <span class='ocrx_word' id='word_1_107' title='bbox 969 1306 999 1361; x_wconf 90' lang='lat' dir='ltr'><strong>et</strong></span> <span class='ocrx_word' id='word_1_108' title='bbox 1026 1303 1135 1362; x_wconf 85' lang='lat' dir='ltr'><strong>faeiem</strong></span> <span class='ocrx_word' id='word_1_109' title='bbox 1159 1313 1191 1363; x_wconf 89' lang='lat' dir='ltr'><strong>et</strong></span> 
     </span>
     <span class='ocr_line' id='line_1_14' title="bbox 170 1390 1189 1464; baseline 0.003 -15"><span class='ocrx_word' id='word_1_110' title='bbox 170 1391 347 1450; x_wconf 88' lang='lat' dir='ltr'><strong>iracundum</strong></span> <span class='ocrx_word' id='word_1_111' title='bbox 381 1395 497 1450; x_wconf 84' lang='lat' dir='ltr'><strong>motum</strong></span> <span class='ocrx_word' id='word_1_112' title='bbox 527 1390 643 1448; x_wconf 88' lang='lat' dir='ltr'><strong>habent.</strong></span> <span class='ocrx_word' id='word_1_113' title='bbox 689 1391 728 1449; x_wconf 80' lang='lat' dir='ltr'><strong>Et</strong></span> <span class='ocrx_word' id='word_1_114' title='bbox 758 1410 828 1450; x_wconf 89' lang='lat' dir='ltr'><strong>cum</strong></span> <span class='ocrx_word' id='word_1_115' title='bbox 858 1393 890 1449; x_wconf 89' lang='lat' dir='ltr'><strong>in</strong></span> <span class='ocrx_word' id='word_1_116' title='bbox 923 1395 1033 1451; x_wconf 85' lang='lat' dir='ltr'><strong>terram</strong></span> <span class='ocrx_word' id='word_1_117' title='bbox 1068 1393 1189 1464; x_wconf 89' lang='lat' dir='ltr'><strong>cadunt,</strong></span> 
     </span>
     <span class='ocr_line' id='line_1_15' title="bbox 171 1480 1190 1556; baseline 0.003 -18"><span class='ocrx_word' id='word_1_118' title='bbox 171 1480 330 1556; x_wconf 88' lang='lat' dir='ltr'><strong>aliquando</strong></span> <span class='ocrx_word' id='word_1_119' title='bbox 364 1498 466 1539; x_wconf 84' lang='lat' dir='ltr'><strong>vocem</strong></span> <span class='ocrx_word' id='word_1_120' title='bbox 497 1483 578 1538; x_wconf 82' lang='lat' dir='ltr'><strong>extra</strong></span> <span class='ocrx_word' id='word_1_121' title='bbox 610 1481 777 1538; x_wconf 85' lang='lat' dir='ltr'><strong>naturalem</strong></span> <span class='ocrx_word' id='word_1_122' title='bbox 807 1498 909 1539; x_wconf 88' lang='lat' dir='ltr'><strong>vocem</strong></span> <span class='ocrx_word' id='word_1_123' title='bbox 940 1481 1091 1544; x_wconf 87' lang='lat' dir='ltr'><strong>emittunt.</strong></span> <span class='ocrx_word' id='word_1_124' title='bbox 1149 1483 1190 1541; x_wconf 82' lang='lat' dir='ltr'><strong>Et</strong></span> 
     </span>
    </p>

    <p class='ocr_par' dir='ltr' id='par_1_5' title="bbox 131 1568 1186 1736">
     <span class='ocr_line' id='line_1_16' title="bbox 131 1568 1186 1645; baseline -0.001 -15"><span class='ocrx_word' id='word_1_125' title='bbox 131 1587 157 1630; x_wconf 83' lang='lat' dir='ltr'><strong>re</strong></span> <span class='ocrx_word' id='word_1_126' title='bbox 172 1569 228 1628; x_wconf 89' lang='lat' dir='ltr'><strong>iste</strong></span> <span class='ocrx_word' id='word_1_127' title='bbox 247 1571 401 1645; x_wconf 88' lang='lat' dir='ltr'><strong>praefatus</strong></span> <span class='ocrx_word' id='word_1_128' title='bbox 422 1569 544 1628; x_wconf 88' lang='lat' dir='ltr'><strong>morbus</strong></span> <span class='ocrx_word' id='word_1_129' title='bbox 573 1569 671 1627; x_wconf 88' lang='lat' dir='ltr'><strong>rarius</strong></span> <span class='ocrx_word' id='word_1_130' title='bbox 700 1568 868 1628; x_wconf 85' lang='lat' dir='ltr'><strong>ostenditur</strong></span> <span class='ocrx_word' id='word_1_131' title='bbox 894 1572 924 1628; x_wconf 89' lang='lat' dir='ltr'><strong>et</strong></span> <span class='ocrx_word' id='word_1_132' title='bbox 954 1569 1074 1629; x_wconf 88' lang='lat' dir='ltr'><strong>difficile</strong></span> <span class='ocrx_word' id='word_1_133' title='bbox 1107 1591 1186 1631; x_wconf 89' lang='lat' dir='ltr'><strong>com·</strong></span> 
     </span>
     <span class='ocr_line' id='line_1_17' title="bbox 170 1656 864 1736; baseline 0.01 -20"><span class='ocrx_word' id='word_1_134' title='bbox 170 1659 250 1736; x_wconf 87' lang='lat' dir='ltr'><strong>pasci</strong></span> <span class='ocrx_word' id='word_1_135' title='bbox 273 1662 379 1736; x_wconf 89' lang='lat' dir='ltr'><strong>potest.</strong></span> <span class='ocrx_word' id='word_1_136' title='bbox 861 1656 864 1661; x_wconf 69' lang='grc'><strong>’</strong></span> 
     </span>
    </p>

    <p class='ocr_par' dir='ltr' id='par_1_6' title="bbox 170 1739 1188 2002">
     <span class='ocr_line' id='line_1_18' title="bbox 237 1739 1188 1826; baseline 0.002 -19"><span class='ocrx_word' id='word_1_137' title='bbox 237 1748 282 1807; x_wconf 84' lang='lat' dir='ltr'><strong>Dc</strong></span> <span class='ocrx_word' id='word_1_138' title='bbox 304 1749 457 1826; x_wconf 76' lang='lat' dir='ltr'><strong>epilepsia.</strong></span> <span class='ocrx_word' id='word_1_139' title='bbox 503 1745 560 1806; x_wconf 86' lang='lat' dir='ltr'><strong>Sed</strong></span> <span class='ocrx_word' id='word_1_140' title='bbox 587 1748 639 1805; x_wconf 84' lang='lat' dir='ltr'><strong>alii</strong></span> <span class='ocrx_word' id='word_1_141' title='bbox 666 1739 737 1805; x_wconf 85' lang='lat' dir='ltr'><strong>sunt</strong></span> <span class='ocrx_word' id='word_1_142' title='bbox 766 1747 888 1805; x_wconf 90' lang='lat' dir='ltr'><strong>alterius</strong></span> <span class='ocrx_word' id='word_1_143' title='bbox 916 1749 1031 1824; x_wconf 88' lang='lat' dir='ltr'><strong>generis</strong></span> <span class='ocrx_word' id='word_1_144' title='bbox 1054 1749 1188 1810; x_wconf 88' lang='lat' dir='ltr'><strong>eiusdem</strong></span> 
     </span>
     <span class='ocr_line' id='line_1_19' title="bbox 170 1836 1188 1913; baseline 0.004 -18"><span class='ocrx_word' id='word_1_145' title='bbox 170 1837 279 1911; x_wconf 88' lang='lat' dir='ltr'><strong>morbi,</strong></span> <span class='ocrx_word' id='word_1_146' title='bbox 303 1838 347 1896; x_wconf 83' lang='lat' dir='ltr'><strong>ita</strong></span> <span class='ocrx_word' id='word_1_147' title='bbox 370 1836 450 1913; x_wconf 94' lang='lat' dir='ltr'><strong>quod</strong></span> <span class='ocrx_word' id='word_1_148' title='bbox 473 1836 671 1896; x_wconf 84' lang='lat' dir='ltr'><strong>inconstantes</strong></span> <span class='ocrx_word' id='word_1_149' title='bbox 694 1839 724 1894; x_wconf 90' lang='lat' dir='ltr'><strong>et</strong></span> <span class='ocrx_word' id='word_1_150' title='bbox 746 1836 824 1895; x_wconf 88' lang='lat' dir='ltr'><strong>leves</strong></span> <span class='ocrx_word' id='word_1_151' title='bbox 839 1837 869 1894; x_wconf 91' lang='lat' dir='ltr'><strong>in</strong></span> <span class='ocrx_word' id='word_1_152' title='bbox 885 1838 1019 1896; x_wconf 89' lang='lat' dir='ltr'><strong>moribus</strong></span> <span class='ocrx_word' id='word_1_153' title='bbox 1033 1839 1096 1897; x_wconf 89' lang='lat' dir='ltr'><strong>suis</strong></span> <span class='ocrx_word' id='word_1_154' title='bbox 1116 1845 1188 1900; x_wconf 87' lang='lat' dir='ltr'><strong>sunt</strong></span> 
     </span>
     <span class='ocr_line' id='line_1_20' title="bbox 170 1925 1187 2002; baseline 0.004 -18"><span class='ocrx_word' id='word_1_155' title='bbox 170 1929 200 1984; x_wconf 90' lang='lat' dir='ltr'><strong>et</strong></span> <span class='ocrx_word' id='word_1_156' title='bbox 221 1927 417 2002; x_wconf 73' lang='lat' dir='ltr'><strong>impatienter,</strong></span> <span class='ocrx_word' id='word_1_157' title='bbox 442 1944 570 2002; x_wconf 87' lang='lat' dir='ltr'><strong>quorum</strong></span> <span class='ocrx_word' id='word_1_158' title='bbox 594 1925 699 1999; x_wconf 85' lang='lat' dir='ltr'><strong>anima,</strong></span> <span class='ocrx_word' id='word_1_159' title='bbox 723 1925 795 1984; x_wconf 88' lang='lat' dir='ltr'><strong>dum</strong></span> <span class='ocrx_word' id='word_1_160' title='bbox 817 1925 848 1984; x_wconf 91' lang='lat' dir='ltr'><strong>in</strong></span> <span class='ocrx_word' id='word_1_161' title='bbox 869 1925 941 2001; x_wconf 88' lang='lat' dir='ltr'><strong>ipsis</strong></span> <span class='ocrx_word' id='word_1_162' title='bbox 956 1945 1047 2002; x_wconf 90' lang='lat' dir='ltr'><strong>supra</strong></span> <span class='ocrx_word' id='word_1_163' title='bbox 1062 1929 1187 1988; x_wconf 91' lang='lat' dir='ltr'><strong>modum</strong></span> 
     </span>
    </p>

    <p class='ocr_par' dir='ltr' id='par_1_7' title="bbox 128 2014 1187 2358">
     <span class='ocr_line' id='line_1_21' title="bbox 128 2014 1183 2091; baseline 0.004 -18"><span class='ocrx_word' id='word_1_164' title='bbox 128 2015 215 2075; x_wconf 82' lang='lat' dir='ltr'><strong>robis</strong></span> <span class='ocrx_word' id='word_1_165' title='bbox 238 2016 371 2075; x_wconf 85' lang='lat' dir='ltr'><strong>moribus</strong></span> <span class='ocrx_word' id='word_1_166' title='bbox 394 2015 548 2091; x_wconf 85' lang='lat' dir='ltr'><strong>fatigatur,</strong></span> <span class='ocrx_word' id='word_1_167' title='bbox 571 2033 602 2074; x_wconf 89' lang='lat' dir='ltr'><strong>se</strong></span> <span class='ocrx_word' id='word_1_168' title='bbox 625 2014 799 2073; x_wconf 89' lang='lat' dir='ltr'><strong>multotiens</strong></span> <span class='ocrx_word' id='word_1_169' title='bbox 822 2014 972 2074; x_wconf 89' lang='lat' dir='ltr'><strong>subtrahit</strong></span> <span class='ocrx_word' id='word_1_170' title='bbox 994 2019 1025 2076; x_wconf 91' lang='lat' dir='ltr'><strong>et</strong></span> <span class='ocrx_word' id='word_1_171' title='bbox 1047 2036 1183 2076; x_wconf 78' lang='lat' dir='ltr'><strong>succum</strong></span> 
     </span>
     <span class='ocr_line' id='line_1_22' title="bbox 169 2102 1185 2179; baseline 0.005 -18"><span class='ocrx_word' id='word_1_172' title='bbox 169 2105 222 2175; x_wconf 92' lang='lat' dir='ltr'><strong>bit,</strong></span> <span class='ocrx_word' id='word_1_173' title='bbox 247 2108 277 2163; x_wconf 89' lang='lat' dir='ltr'><strong>et</strong></span> <span class='ocrx_word' id='word_1_174' title='bbox 299 2105 343 2163; x_wconf 84' lang='lat' dir='ltr'><strong>ita</strong></span> <span class='ocrx_word' id='word_1_175' title='bbox 365 2122 474 2179; x_wconf 84' lang='lat' dir='ltr'><strong>corpus</strong></span> <span class='ocrx_word' id='word_1_176' title='bbox 490 2105 574 2163; x_wconf 87' lang='lat' dir='ltr'><strong>velut</strong></span> <span class='ocrx_word' id='word_1_177' title='bbox 589 2102 704 2162; x_wconf 85' lang='lat' dir='ltr'><strong>viribus</strong></span> <span class='ocrx_word' id='word_1_178' title='bbox 721 2104 833 2162; x_wconf 87' lang='lat' dir='ltr'><strong>animae</strong></span> <span class='ocrx_word' id='word_1_179' title='bbox 849 2105 1010 2164; x_wconf 85' lang='lat' dir='ltr'><strong>subtractis</strong></span> <span class='ocrx_word' id='word_1_180' title='bbox 1025 2107 1056 2164; x_wconf 91' lang='lat' dir='ltr'><strong>in</strong></span> <span class='ocrx_word' id='word_1_181' title='bbox 1072 2111 1185 2166; x_wconf 86' lang='lat' dir='ltr'><strong>terram</strong></span> 
     </span>
     <span class='ocr_line' id='line_1_23' title="bbox 170 2193 1187 2269; baseline 0.003 -17"><span class='ocrx_word' id='word_1_182' title='bbox 170 2193 249 2252; x_wconf 88' lang='lat' dir='ltr'><strong>cadit</strong></span> <span class='ocrx_word' id='word_1_183' title='bbox 266 2212 299 2251; x_wconf 88' lang='lat' dir='ltr'><strong>ac</strong></span> <span class='ocrx_word' id='word_1_184' title='bbox 320 2194 362 2252; x_wconf 91' lang='lat' dir='ltr'><strong>sic</strong></span> <span class='ocrx_word' id='word_1_185' title='bbox 378 2193 462 2269; x_wconf 89' lang='lat' dir='ltr'><strong>quasi</strong></span> <span class='ocrx_word' id='word_1_186' title='bbox 477 2195 631 2252; x_wconf 90' lang='lat' dir='ltr'><strong>mortuum</strong></span> <span class='ocrx_word' id='word_1_187' title='bbox 646 2193 730 2267; x_wconf 88' lang='lat' dir='ltr'><strong>iacet,</strong></span> <span class='ocrx_word' id='word_1_188' title='bbox 754 2211 849 2268; x_wconf 88' lang='lat' dir='ltr'><strong>usque</strong></span> <span class='ocrx_word' id='word_1_189' title='bbox 869 2193 941 2251; x_wconf 91' lang='lat' dir='ltr'><strong>dum</strong></span> <span class='ocrx_word' id='word_1_190' title='bbox 960 2195 1073 2254; x_wconf 85' lang='lat' dir='ltr'><strong>iterum</strong></span> <span class='ocrx_word' id='word_1_191' title='bbox 1088 2197 1187 2254; x_wconf 87' lang='lat' dir='ltr'><strong>anima</strong></span> 
     </span>
     <span class='ocr_line' id='line_1_24' title="bbox 168 2281 1184 2358; baseline 0.004 -18"><span class='ocrx_word' id='word_1_192' title='bbox 168 2283 245 2341; x_wconf 81' lang='lat' dir='ltr'><strong>vires</strong></span> <span class='ocrx_word' id='word_1_193' title='bbox 279 2300 348 2340; x_wconf 85' lang='lat' dir='ltr'><strong>suas</strong></span> <span class='ocrx_word' id='word_1_194' title='bbox 380 2282 494 2358; x_wconf 87' lang='lat' dir='ltr'><strong>recipit.</strong></span> <span class='ocrx_word' id='word_1_195' title='bbox 539 2281 593 2340; x_wconf 87' lang='lat' dir='ltr'><strong>Isti</strong></span> <span class='ocrx_word' id='word_1_196' title='bbox 628 2284 727 2340; x_wconf 88' lang='lat' dir='ltr'><strong>autem</strong></span> <span class='ocrx_word' id='word_1_197' title='bbox 756 2283 895 2340; x_wconf 88' lang='lat' dir='ltr'><strong>blandam</strong></span> <span class='ocrx_word' id='word_1_198' title='bbox 922 2283 1028 2342; x_wconf 85' lang='lat' dir='ltr'><strong>faciem</strong></span> <span class='ocrx_word' id='word_1_199' title='bbox 1051 2287 1082 2342; x_wconf 89' lang='lat' dir='ltr'><strong>et</strong></span> <span class='ocrx_word' id='word_1_200' title='bbox 1105 2287 1184 2344; x_wconf 89' lang='lat' dir='ltr'><strong>lenes</strong></span> 
     </span>
    </p>
   </div>
   <div class='ocr_carea' id='block_1_3' title="bbox 42 2370 1204 2452">
    <p class='ocr_par' dir='ltr' id='par_1_8' title="bbox 42 2370 1204 2452">
     <span class='ocr_line' id='line_1_25' title="bbox 42 2370 1204 2452; baseline 0.003 -23"><span class='ocrx_word' id='word_1_201' title='bbox 42 2417 49 2442; x_wconf 78' lang='lat'><strong>,</strong></span> <span class='ocrx_word' id='word_1_202' title='bbox 169 2374 270 2448; x_wconf 89' lang='lat' dir='ltr'><strong>gestus</strong></span> <span class='ocrx_word' id='word_1_203' title='bbox 293 2371 409 2446; x_wconf 85' lang='lat' dir='ltr'><strong>babent,</strong></span> <span class='ocrx_word' id='word_1_204' title='bbox 432 2373 462 2429; x_wconf 92' lang='lat' dir='ltr'><strong>et</strong></span> <span class='ocrx_word' id='word_1_205' title='bbox 484 2370 556 2429; x_wconf 91' lang='lat' dir='ltr'><strong>dum</strong></span> <span class='ocrx_word' id='word_1_206' title='bbox 580 2391 597 2428; x_wconf 90' lang='lat' dir='ltr'><strong>a</strong></span> <span class='ocrx_word' id='word_1_207' title='bbox 619 2370 722 2429; x_wconf 91' lang='lat' dir='ltr'><strong>morbo</strong></span> <span class='ocrx_word' id='word_1_208' title='bbox 745 2371 803 2430; x_wconf 85' lang='lat' dir='ltr'><strong>isto</strong></span> <span class='ocrx_word' id='word_1_209' title='bbox 828 2371 933 2430; x_wconf 89' lang='lat' dir='ltr'><strong>deiecti</strong></span> <span class='ocrx_word' id='word_1_210' title='bbox 955 2373 987 2430; x_wconf 91' lang='lat' dir='ltr'><strong>in</strong></span> <span class='ocrx_word' id='word_1_211' title='bbox 1009 2377 1122 2432; x_wconf 89' lang='lat' dir='ltr'><strong>terram</strong></span> <span class='ocrx_word' id='word_1_212' title='bbox 1138 2393 1204 2452; x_wconf 29' lang='lat' dir='ltr'><strong>ca·-</strong></span> 
     </span>
    </p>
   </div>
   <div class='ocr_carea' id='block_1_4' title="bbox 126 2460 1185 3610">
    <p class='ocr_par' dir='ltr' id='par_1_9' title="bbox 128 2460 1184 2714">
     <span class='ocr_line' id='line_1_26' title="bbox 128 2460 1184 2538; baseline 0.005 -21"><span class='ocrx_word' id='word_1_213' title='bbox 128 2472 156 2517; x_wconf 78' lang='lat'><strong>25</strong></span> <span class='ocrx_word' id='word_1_214' title='bbox 170 2461 253 2531; x_wconf 89' lang='lat' dir='ltr'><strong>dunt,</strong></span> <span class='ocrx_word' id='word_1_215' title='bbox 277 2460 427 2519; x_wconf 88' lang='lat' dir='ltr'><strong>interdum</strong></span> <span class='ocrx_word' id='word_1_216' title='bbox 459 2460 591 2536; x_wconf 88' lang='lat' dir='ltr'><strong>aliquam</strong></span> <span class='ocrx_word' id='word_1_217' title='bbox 613 2479 728 2533; x_wconf 87' lang='lat' dir='ltr'><strong>vocem,</strong></span> <span class='ocrx_word' id='word_1_218' title='bbox 759 2460 809 2518; x_wconf 89' lang='lat' dir='ltr'><strong>sed</strong></span> <span class='ocrx_word' id='word_1_219' title='bbox 839 2463 939 2519; x_wconf 88' lang='lat' dir='ltr'><strong>tamen</strong></span> <span class='ocrx_word' id='word_1_220' title='bbox 966 2462 1126 2538; x_wconf 84' lang='lat' dir='ltr'><strong>lugubrem</strong></span> <span class='ocrx_word' id='word_1_221' title='bbox 1154 2468 1184 2522; x_wconf 88' lang='lat' dir='ltr'><strong>et</strong></span> 
     </span>
     <span class='ocr_line' id='line_1_27' title="bbox 169 2549 1183 2625; baseline 0.003 -17"><span class='ocrx_word' id='word_1_222' title='bbox 169 2550 342 2625; x_wconf 86' lang='lat' dir='ltr'><strong>naturalem,</strong></span> <span class='ocrx_word' id='word_1_223' title='bbox 375 2549 517 2608; x_wconf 88' lang='lat' dir='ltr'><strong>emittunt</strong></span> <span class='ocrx_word' id='word_1_224' title='bbox 552 2552 582 2608; x_wconf 91' lang='lat' dir='ltr'><strong>et</strong></span> <span class='ocrx_word' id='word_1_225' title='bbox 608 2549 735 2607; x_wconf 87' lang='lat' dir='ltr'><strong>multam</strong></span> <span class='ocrx_word' id='word_1_226' title='bbox 763 2568 898 2624; x_wconf 85' lang='lat' dir='ltr'><strong>spumam</strong></span> <span class='ocrx_word' id='word_1_227' title='bbox 926 2551 962 2610; x_wconf 87' lang='lat' dir='ltr'><strong>de</strong></span> <span class='ocrx_word' id='word_1_228' title='bbox 990 2569 1040 2610; x_wconf 91' lang='lat' dir='ltr'><strong>ore</strong></span> <span class='ocrx_word' id='word_1_229' title='bbox 1063 2551 1183 2624; x_wconf 86' lang='lat' dir='ltr'><strong>eiciunt,</strong></span> 
     </span>
     <span class='ocr_line' id='line_1_28' title="bbox 169 2638 725 2714; baseline 0.004 -17"><span class='ocrx_word' id='word_1_230' title='bbox 169 2638 219 2697; x_wconf 87' lang='lat' dir='ltr'><strong>sed</strong></span> <span class='ocrx_word' id='word_1_231' title='bbox 242 2643 342 2698; x_wconf 90' lang='lat' dir='ltr'><strong>tamen</strong></span> <span class='ocrx_word' id='word_1_232' title='bbox 364 2639 450 2698; x_wconf 87' lang='lat' dir='ltr'><strong>facile</strong></span> <span class='ocrx_word' id='word_1_233' title='bbox 471 2639 570 2697; x_wconf 85' lang='lat' dir='ltr'><strong>curari</strong></span> <span class='ocrx_word' id='word_1_234' title='bbox 593 2643 725 2714; x_wconf 85' lang='lat' dir='ltr'><strong>possunt.</strong></span> 
     </span>
    </p>

    <p class='ocr_par' dir='ltr' id='par_1_10' title="bbox 126 2725 1185 3610">
     <span class='ocr_line' id='line_1_29' title="bbox 236 2725 1185 2806; baseline 0.002 -20"><span class='ocrx_word' id='word_1_235' title='bbox 236 2728 281 2787; x_wconf 87' lang='lat' dir='ltr'><strong>Dc</strong></span> <span class='ocrx_word' id='word_1_236' title='bbox 302 2725 467 2801; x_wconf 72' lang='lat' dir='ltr'><strong>hydropisi.</strong></span> <span class='ocrx_word' id='word_1_237' title='bbox 514 2727 573 2797; x_wconf 82' lang='lat' dir='ltr'><strong>Qui</strong></span> <span class='ocrx_word' id='word_1_238' title='bbox 605 2730 706 2785; x_wconf 85' lang='lat' dir='ltr'><strong>autem</strong></span> <span class='ocrx_word' id='word_1_239' title='bbox 738 2747 772 2786; x_wconf 84' lang='lat' dir='ltr'><strong>ex</strong></span> <span class='ocrx_word' id='word_1_240' title='bbox 795 2730 904 2786; x_wconf 85' lang='lat' dir='ltr'><strong>natura</strong></span> <span class='ocrx_word' id='word_1_241' title='bbox 927 2747 981 2788; x_wconf 89' lang='lat' dir='ltr'><strong>sua</strong></span> <span class='ocrx_word' id='word_1_242' title='bbox 1003 2729 1130 2806; x_wconf 84' lang='lat' dir='ltr'><strong>pingues</strong></span> <span class='ocrx_word' id='word_1_243' title='bbox 1153 2731 1185 2788; x_wconf 92' lang='lat' dir='ltr'><strong>in</strong></span> 
     </span>
     <span class='ocr_line' id='line_1_30' title="bbox 170 2816 1183 2896; baseline 0.003 -21"><span class='ocrx_word' id='word_1_244' title='bbox 170 2834 291 2891; x_wconf 85' lang='lat' dir='ltr'><strong>corpore</strong></span> <span class='ocrx_word' id='word_1_245' title='bbox 321 2835 381 2875; x_wconf 92' lang='lat' dir='ltr'><strong>non</strong></span> <span class='ocrx_word' id='word_1_246' title='bbox 411 2819 490 2890; x_wconf 88' lang='lat' dir='ltr'><strong>sunt,</strong></span> <span class='ocrx_word' id='word_1_247' title='bbox 520 2816 569 2876; x_wconf 88' lang='lat' dir='ltr'><strong>sed</strong></span> <span class='ocrx_word' id='word_1_248' title='bbox 600 2816 751 2876; x_wconf 89' lang='lat' dir='ltr'><strong>macilenti</strong></span> <span class='ocrx_word' id='word_1_249' title='bbox 782 2820 812 2874; x_wconf 88' lang='lat' dir='ltr'><strong>ot</strong></span> <span class='ocrx_word' id='word_1_250' title='bbox 833 2817 934 2876; x_wconf 90' lang='lat' dir='ltr'><strong>tristes</strong></span> <span class='ocrx_word' id='word_1_251' title='bbox 958 2821 988 2878; x_wconf 89' lang='lat' dir='ltr'><strong>et</strong></span> <span class='ocrx_word' id='word_1_252' title='bbox 1009 2819 1126 2896; x_wconf 86' lang='lat' dir='ltr'><strong>magnis</strong></span> <span class='ocrx_word' id='word_1_253' title='bbox 1150 2837 1183 2878; x_wconf 89' lang='lat' dir='ltr'><strong>ac</strong></span> 
     </span>
     <span class='ocr_line' id='line_1_31' title="bbox 128 2905 1183 2984; baseline 0.003 -20"><span class='ocrx_word' id='word_1_254' title='bbox 128 2919 155 2964; x_wconf 81' lang='lat' dir='ltr'><strong>ec</strong></span> <span class='ocrx_word' id='word_1_255' title='bbox 168 2905 272 2964; x_wconf 88' lang='lat' dir='ltr'><strong>multis</strong></span> <span class='ocrx_word' id='word_1_256' title='bbox 296 2906 526 2982; x_wconf 86' lang='lat' dir='ltr'><strong>cogitationibus</strong></span> <span class='ocrx_word' id='word_1_257' title='bbox 550 2907 695 2982; x_wconf 89' lang='lat' dir='ltr'><strong>occupati,</strong></span> <span class='ocrx_word' id='word_1_258' title='bbox 718 2909 791 2964; x_wconf 87' lang='lat' dir='ltr'><strong>tuuc</strong></span> <span class='ocrx_word' id='word_1_259' title='bbox 814 2906 946 2981; x_wconf 87' lang='lat' dir='ltr'><strong>tristitia,</strong></span> <span class='ocrx_word' id='word_1_260' title='bbox 970 2908 1091 2983; x_wconf 87' lang='lat' dir='ltr'><strong>quaein</strong></span> <span class='ocrx_word' id='word_1_261' title='bbox 1108 2908 1183 2984; x_wconf 88' lang='lat' dir='ltr'><strong>ipsis</strong></span> 
     </span>
     <span class='ocr_line' id='line_1_32' title="bbox 168 2995 1183 3074; baseline 0.004 -21"><span class='ocrx_word' id='word_1_262' title='bbox 168 2997 220 3064; x_wconf 89' lang='lat' dir='ltr'><strong>est,</strong></span> <span class='ocrx_word' id='word_1_263' title='bbox 243 2995 415 3072; x_wconf 86' lang='lat' dir='ltr'><strong>sanguinem</strong></span> <span class='ocrx_word' id='word_1_264' title='bbox 440 3014 543 3055; x_wconf 89' lang='lat' dir='ltr'><strong>eorum</strong></span> <span class='ocrx_word' id='word_1_265' title='bbox 566 2995 697 3070; x_wconf 87' lang='lat' dir='ltr'><strong>exsiccat,</strong></span> <span class='ocrx_word' id='word_1_266' title='bbox 721 2998 751 3055; x_wconf 87' lang='lat' dir='ltr'><strong>et</strong></span> <span class='ocrx_word' id='word_1_267' title='bbox 766 3015 889 3071; x_wconf 84' lang='lat' dir='ltr'><strong>magnae</strong></span> <span class='ocrx_word' id='word_1_268' title='bbox 913 3014 946 3054; x_wconf 88' lang='lat' dir='ltr'><strong>ac</strong></span> <span class='ocrx_word' id='word_1_269' title='bbox 969 2998 1080 3056; x_wconf 88' lang='lat' dir='ltr'><strong>multae</strong></span> <span class='ocrx_word' id='word_1_270' title='bbox 1103 2998 1183 3074; x_wconf 88' lang='lat' dir='ltr'><strong>eogi-</strong></span> 
     </span>
     <span class='ocr_line' id='line_1_33' title="bbox 167 3084 1182 3162; baseline 0.003 -20"><span class='ocrx_word' id='word_1_271' title='bbox 167 3085 304 3152; x_wconf 76' lang='lat' dir='ltr'><strong>totiones</strong></span> <span class='ocrx_word' id='word_1_272' title='bbox 328 3103 404 3160; x_wconf 89' lang='lat' dir='ltr'><strong>quae</strong></span> <span class='ocrx_word' id='word_1_273' title='bbox 428 3085 517 3142; x_wconf 84' lang='lat' dir='ltr'><strong>etiam</strong></span> <span class='ocrx_word' id='word_1_274' title='bbox 539 3085 570 3142; x_wconf 92' lang='lat' dir='ltr'><strong>in</strong></span> <span class='ocrx_word' id='word_1_275' title='bbox 594 3084 636 3143; x_wconf 92' lang='lat' dir='ltr'><strong>eis</strong></span> <span class='ocrx_word' id='word_1_276' title='bbox 659 3087 738 3160; x_wconf 87' lang='lat' dir='ltr'><strong>sunt,</strong></span> <span class='ocrx_word' id='word_1_277' title='bbox 760 3085 875 3161; x_wconf 85' lang='lat' dir='ltr'><strong>flegma,</strong></span> <span class='ocrx_word' id='word_1_278' title='bbox 899 3085 979 3162; x_wconf 91' lang='lat' dir='ltr'><strong>quod</strong></span> <span class='ocrx_word' id='word_1_279' title='bbox 995 3086 1026 3142; x_wconf 92' lang='lat' dir='ltr'><strong>in</strong></span> <span class='ocrx_word' id='word_1_280' title='bbox 1041 3085 1114 3162; x_wconf 89' lang='lat' dir='ltr'><strong>ipsis</strong></span> <span class='ocrx_word' id='word_1_281' title='bbox 1129 3089 1182 3160; x_wconf 74' lang='lat' dir='ltr'><strong>est,</strong></span> 
     </span>
     <span class='ocr_line' id='line_1_34' title="bbox 167 3173 1185 3250; baseline 0.003 -19"><span class='ocrx_word' id='word_1_282' title='bbox 167 3192 259 3248; x_wconf 87' lang='lat' dir='ltr'><strong>supra</strong></span> <span class='ocrx_word' id='word_1_283' title='bbox 269 3174 391 3232; x_wconf 90' lang='lat' dir='ltr'><strong>modum</strong></span> <span class='ocrx_word' id='word_1_284' title='bbox 404 3173 582 3246; x_wconf 86' lang='lat' dir='ltr'><strong>diminuunt,</strong></span> <span class='ocrx_word' id='word_1_285' title='bbox 595 3176 626 3231; x_wconf 88' lang='lat' dir='ltr'><strong>et</strong></span> <span class='ocrx_word' id='word_1_286' title='bbox 636 3173 692 3232; x_wconf 89' lang='lat' dir='ltr'><strong>hoe</strong></span> <span class='ocrx_word' id='word_1_287' title='bbox 703 3174 791 3232; x_wconf 87' lang='lat' dir='ltr'><strong>modo</strong></span> <span class='ocrx_word' id='word_1_288' title='bbox 803 3193 881 3249; x_wconf 86' lang='lat' dir='ltr'><strong>aqua</strong></span> <span class='ocrx_word' id='word_1_289' title='bbox 891 3174 922 3232; x_wconf 90' lang='lat' dir='ltr'><strong>in</strong></span> <span class='ocrx_word' id='word_1_290' title='bbox 934 3175 976 3234; x_wconf 88' lang='lat' dir='ltr'><strong>eis</strong></span> <span class='ocrx_word' id='word_1_291' title='bbox 988 3177 1185 3250; x_wconf 88' lang='lat' dir='ltr'><strong>supercrescit</strong></span> 
     </span>
     <span class='ocr_line' id='line_1_35' title="bbox 168 3261 1179 3340; baseline 0.002 -20"><span class='ocrx_word' id='word_1_292' title='bbox 168 3266 197 3321; x_wconf 88' lang='lat' dir='ltr'><strong>ot</strong></span> <span class='ocrx_word' id='word_1_293' title='bbox 220 3265 333 3340; x_wconf 88' lang='lat' dir='ltr'><strong>regnat.</strong></span> <span class='ocrx_word' id='word_1_294' title='bbox 380 3261 454 3321; x_wconf 79' lang='lat' dir='ltr'><strong>(lum</strong></span> <span class='ocrx_word' id='word_1_295' title='bbox 478 3263 555 3322; x_wconf 90' lang='lat' dir='ltr'><strong>enim</strong></span> <span class='ocrx_word' id='word_1_296' title='bbox 578 3263 698 3338; x_wconf 90' lang='lat' dir='ltr'><strong>sanguis</strong></span> <span class='ocrx_word' id='word_1_297' title='bbox 722 3267 752 3322; x_wconf 90' lang='lat' dir='ltr'><strong>et</strong></span> <span class='ocrx_word' id='word_1_298' title='bbox 773 3263 880 3339; x_wconf 85' lang='lat' dir='ltr'><strong>flegma</strong></span> <span class='ocrx_word' id='word_1_299' title='bbox 906 3263 938 3322; x_wconf 91' lang='lat' dir='ltr'><strong>in</strong></span> <span class='ocrx_word' id='word_1_300' title='bbox 965 3263 1084 3323; x_wconf 88' lang='lat' dir='ltr'><strong>homine</strong></span> <span class='ocrx_word' id='word_1_301' title='bbox 1112 3284 1179 3324; x_wconf 84' lang='lat' dir='ltr'><strong>exa-</strong></span> 
     </span>
     <span class='ocr_line' id='line_1_36' title="bbox 126 3352 1183 3430; baseline 0.004 -22"><span class='ocrx_word' id='word_1_302' title='bbox 126 3352 289 3423; x_wconf 81' lang='lat' dir='ltr'><strong>³5ruerint‚</strong></span> <span class='ocrx_word' id='word_1_303' title='bbox 312 3354 384 3410; x_wconf 91' lang='lat' dir='ltr'><strong>tuno</strong></span> <span class='ocrx_word' id='word_1_304' title='bbox 405 3353 499 3412; x_wconf 85' lang='lat' dir='ltr'><strong>faeces</strong></span> <span class='ocrx_word' id='word_1_305' title='bbox 531 3352 704 3430; x_wconf 89' lang='lat' dir='ltr'><strong>digestionis</strong></span> <span class='ocrx_word' id='word_1_306' title='bbox 731 3370 802 3410; x_wconf 87' lang='lat' dir='ltr'><strong>suae</strong></span> <span class='ocrx_word' id='word_1_307' title='bbox 826 3353 862 3410; x_wconf 88' lang='lat' dir='ltr'><strong>ad</strong></span> <span class='ocrx_word' id='word_1_308' title='bbox 885 3353 1010 3412; x_wconf 87' lang='lat' dir='ltr'><strong>vesicam</strong></span> <span class='ocrx_word' id='word_1_309' title='bbox 1034 3353 1064 3412; x_wconf 93' lang='lat' dir='ltr'><strong>in</strong></span> <span class='ocrx_word' id='word_1_310' title='bbox 1093 3355 1183 3412; x_wconf 86' lang='lat' dir='ltr'><strong>urina</strong></span> 
     </span>
     <span class='ocr_line' id='line_1_37' title="bbox 167 3441 1183 3519; baseline 0.002 -19"><span class='ocrx_word' id='word_1_311' title='bbox 167 3442 316 3517; x_wconf 89' lang='lat' dir='ltr'><strong>emittunt,</strong></span> <span class='ocrx_word' id='word_1_312' title='bbox 348 3448 379 3500; x_wconf 90' lang='lat' dir='ltr'><strong>et</strong></span> <span class='ocrx_word' id='word_1_313' title='bbox 411 3442 523 3514; x_wconf 88' lang='lat' dir='ltr'><strong>deinde,</strong></span> <span class='ocrx_word' id='word_1_314' title='bbox 556 3459 623 3500; x_wconf 88' lang='lat' dir='ltr'><strong>cunr</strong></span> <span class='ocrx_word' id='word_1_315' title='bbox 655 3441 752 3500; x_wconf 84' lang='lat' dir='ltr'><strong>vesica</strong></span> <span class='ocrx_word' id='word_1_316' title='bbox 775 3441 902 3500; x_wconf 86' lang='lat' dir='ltr'><strong>calorem</strong></span> <span class='ocrx_word' id='word_1_317' title='bbox 926 3461 960 3500; x_wconf 89' lang='lat' dir='ltr'><strong>ex</strong></span> <span class='ocrx_word' id='word_1_318' title='bbox 984 3443 1128 3519; x_wconf 86' lang='lat' dir='ltr'><strong>sanguino</strong></span> <span class='ocrx_word' id='word_1_319' title='bbox 1151 3447 1183 3502; x_wconf 92' lang='lat' dir='ltr'><strong>et</strong></span> 
     </span>
     <span class='ocr_line' id='line_1_38' title="bbox 166 3531 1182 3610; baseline 0.005 -21"><span class='ocrx_word' id='word_1_320' title='bbox 166 3531 303 3608; x_wconf 84' lang='lat' dir='ltr'><strong>flegmate</strong></span> <span class='ocrx_word' id='word_1_321' title='bbox 326 3550 383 3590; x_wconf 89' lang='lat' dir='ltr'><strong>non</strong></span> <span class='ocrx_word' id='word_1_322' title='bbox 407 3531 502 3603; x_wconf 88' lang='lat' dir='ltr'><strong>habet,</strong></span> <span class='ocrx_word' id='word_1_323' title='bbox 526 3531 643 3589; x_wconf 88' lang='lat' dir='ltr'><strong>urinam</strong></span> <span class='ocrx_word' id='word_1_324' title='bbox 667 3549 828 3606; x_wconf 87' lang='lat' dir='ltr'><strong>excoquere</strong></span> <span class='ocrx_word' id='word_1_325' title='bbox 850 3550 908 3590; x_wconf 91' lang='lat' dir='ltr'><strong>non</strong></span> <span class='ocrx_word' id='word_1_326' title='bbox 932 3534 1038 3610; x_wconf 88' lang='lat' dir='ltr'><strong>potest,</strong></span> <span class='ocrx_word' id='word_1_327' title='bbox 1062 3536 1092 3592; x_wconf 90' lang='lat' dir='ltr'><strong>et</strong></span> <span class='ocrx_word' id='word_1_328' title='bbox 1114 3533 1182 3594; x_wconf 90' lang='lat' dir='ltr'><strong>ideo</strong></span> 
     </span>
    </p>
   </div>
   <div class='ocr_carea' id='block_1_5' title="bbox 0 0 1336 3932">
    <p class='ocr_par' dir='ltr' id='par_1_11' title="bbox 0 0 1336 3932">
     <span class='ocr_line' id='line_1_39' title="bbox 0 0 1336 3932; baseline 0 4"><span class='ocrx_word' id='word_1_329' title='bbox 0 0 1336 3932; x_wconf 95' lang='lat' dir='ltr'><strong> </strong></span> 
     </span>
    </p>
   </div>
  </div>
 </body>
</html>
