2680 3938
199 113 239 174 10
470 145 473 152 i
584 105 831 161 HILDEGARDIS

198 293 297 353 omnia
319 291 571 351 confunderentur
586 293 616 349 et
631 289 849 350 firmamentum
870 291 970 350 totum
986 287 1218 363 dirumperetur.

198 382 229 440 Si
252 382 329 440 enim
352 380 572 438 firmamentum
594 379 746 438 immobile
769 382 853 454 esset,
880 378 924 437 ita
952 380 1070 436 utnon
1093 378 1217 436 circum·

197 473 377 546 volveretur,
400 475 471 530 tunc
495 469 539 528 001
562 468 623 528 fere
646 488 701 545 per
722 470 817 527 totam
832 471 973 528 aestatem
994 484 1082 543 super
1104 469 1218 525 terram

198 562 273 619 esset
294 560 356 619 eine
379 560 464 618 nocte
488 562 518 618 01
540 559 602 617 fere
624 576 677 634 per
699 559 794 618 totam
820 556 946 616 hiemem
974 555 1029 616 sub
1052 558 1132 615 terra
1154 556 1219 615 eine

170 649 253 712 odie.
298 647 384 707 Nunc
406 652 506 707 autem
529 647 594 706 ideo
618 647 870 718 circumvolvitur,
893 648 937 718 ut,
961 646 1033 704 dum
1047 645 1146 720 ipsum
1161 645 1219 705 soli

199 737 329 796 occurrit
351 737 447 796 atille
469 737 529 808 isti,
553 741 637 796 tanto
654 736 743 795 citius
763 755 780 794 a
803 737 900 795 calore
922 735 1004 794 111100
1018 733 1163 794 solidetur
1188 737 1220 793 et

199 827 397 899 confirmetur,
421 826 533 886 scilicet
555 825 628 884 dum
650 825 701 883 ille
724 826 822 900 ipsum
846 823 995 900 percurrit
1018 827 1048 882 et
1070 824 1138 899 igne
1161 841 1217 882 000

198 917 360 992 pertransit
390 919 421 975 et
452 915 613 991 perfundit.
660 913 739 972 Ante
765 932 866 973 casum
889 913 972 972 Adae
996 911 1218 971 firmamentum

198 1004 350 1066 immobile
373 1005 433 1063 fuit
456 1007 486 1063 et
507 1022 566 1063 non
582 1003 880 1074 circumvolvebatur,
903 1004 972 1079 post
994 1019 1094 1060 cesum
1116 1006 1219 1060 autem
1310 1003 1311 1026 ¹

159 1109 186 1154 ro
199 1096 262 1154 eius
297 1094 395 1168 coepit
424 1093 536 1152 moveri
564 1095 594 1151 et
622 1093 826 1165 circumvolvi,
855 1092 906 1152 sed
933 1093 1001 1167 post
1023 1091 1218 1151 novissimum

199 1185 277 1242 diem
299 1181 451 1242 immobile
474 1182 571 1258 stabit,
603 1184 639 1240 ut
667 1181 818 1257 inprime
849 1181 996 1240 creatione
1025 1182 1093 1239 ante
1116 1199 1218 1239 casum
1310 1217 1311 1248 ,

198 1272 280 1331 Adae
312 1272 379 1329 fuit.
425 1269 511 1329 Nunc
542 1273 640 1329 autem
672 1270 738 1330 ideo
762 1270 1015 1341 circumvolvitur,
1048 1273 1084 1328 ut
1106 1288 1124 1328 a
1147 1270 1217 1343 0010,

198 1362 269 1419 1000
292 1363 322 1419 01
344 1360 437 1419 stellis
459 1359 617 1419 roboretur
644 1363 675 1419 et
697 1360 895 1436 confirmetur,
924 1359 995 1434 quia
1017 1358 1043 1417 ei
1064 1358 1218 1418 immobile

199 1452 298 1521 staret,
331 1449 390 1508 cito
423 1448 617 1524 liquefactum
644 1451 674 1508 et
696 1449 862 1508 emollitum
890 1449 1038 1508 deflueret.
1083 1447 1128 1506 Ex
1161 1447 1218 1509 hoc

158 1539 295 1609 lectiam,
331 1537 411 1613 quod
441 1538 529 1596 modo
564 1539 818 1613 circumvolvitur,
854 1539 998 1597 elementa
1029 1539 1153 1613 purgat,
1187 1541 1218 1597 et

198 1627 337 1704 purgatio
361 1628 414 1686 1110
436 1627 585 1686 interdum
609 1631 679 1688 sunt
694 1647 822 1703 aquosae
846 1631 876 1687 et
890 1627 993 1704 nigrae
1015 1625 1116 1700 nubae,
1141 1645 1215 1702 quas

151 1717 154 1723 ⁴
197 1718 340 1792 videmur,
363 1717 448 1776 velut
471 1717 560 1776 etiam
576 1737 660 1792 aqua,
685 1716 806 1776 eumad
828 1717 929 1795 ignem
952 1716 984 1774 in
1000 1715 1059 1774 olla
1082 1715 1215 1791 ponitur,

198 1811 228 1866 01
252 1807 283 1865 10
305 1807 421 1866 fervore
444 1806 550 1865 caloris
572 1825 708 1881 spumam
731 1807 801 1866 eicit
823 1810 853 1866 et
874 1809 1032 1882 purgatur.

264 1897 312 1956 Dc
341 1897 524 1967 firmamenti
551 1897 764 1956 consonantiis.
809 1895 845 1954 Iu
878 1896 944 1970 ipsa
971 1894 1060 1954 etiam
1088 1894 1216 1954 circum-

156 1999 185 2045 eo
198 1986 351 2045 volutione
382 1986 429 2044 sui
460 1983 610 2043 mirabiles
644 2003 730 2044 sonos
760 1984 878 2054 emittit,
911 2002 986 2060 quos
1013 1987 1113 2043 tamen
1144 2003 1216 2058 prae

198 2075 290 2132 nimia
318 2073 476 2132 altitudine
511 2074 542 2134 et
571 2073 730 2134 latitudine
753 2074 816 2134 eiua
839 2073 941 2132 audire
964 2092 1023 2132 non
1050 2091 1216 2148 possumuS,

196 2163 401 2235 valut‘etiam,
426 2180 494 2221 cum
516 2162 717 2221 molendinum
743 2163 792 2222 vel
814 2164 983 2238 plaustrum
1007 2162 1213 2221 circumvolvi·

197 2255 261 2324 tur,
292 2270 379 2311 sonos
403 2269 471 2311 0000
493 2250 590 2312 habet.
636 2251 693 2310 Sed
730 2256 761 2310 et
790 2252 868 2311 idem
898 2252 1117 2310 firmamentum
1148 2251 1215 2310 ideo

197 2344 297 2400 tautae
332 2341 499 2400 altitudinis
536 2343 567 2399 et
601 2341 805 2414 amplitudinis
836 2342 913 2400 circa
944 2344 1054 2398 terram
1086 2343 1143 2412 est,
1179 2360 1216 2399 00

155 2430 330 2488 1511001000
353 2433 383 2489 et
406 2429 544 2489 animalia
570 2429 602 2487 in
630 2433 710 2488 terra
732 2431 916 2505 moriantur,
950 2448 1016 2487 cum
1045 2428 1080 2487 ab
1105 2429 1146 2488 eis
1168 2448 1214 2488 re·
1310 2431 1311 2460 1

197 2523 313 2579 00100
346 2521 401 2592 001;
434 2519 506 2594 quia
537 2522 599 2578 tam
629 2519 762 2578 homines
796 2538 887 2594 quam
916 2517 1055 2577 animalia
1078 2518 1114 2577 de
1137 2519 1215 2596 igne,

197 2609 300 2684 ventis,
330 2627 407 2684 aqua
430 2611 460 2667 et
482 2608 611 2667 nubibus
626 2610 820 2682 morerentur,
844 2609 869 2667 si
893 2609 934 2667 eie
956 2608 988 2666 in
1010 2607 1108 2666 vicino
1132 2612 1217 2671 esset.
1310 2687 1311 2690 Ἴ

198 2697 282 2757 Sicut
312 2698 389 2756 enim
421 2716 530 2773 corpus
563 2699 594 2756 et
623 2696 721 2756 anima
750 2697 839 2756 simul
871 2700 940 2758 sunt
970 2699 999 2756 et
1026 2695 1062 2754 ab
1089 2697 1216 2756 invicem

198 2787 423 2862 confirmantur,
451 2787 494 2846 110
517 2787 607 2845 01100
634 2787 854 2846 firmamentum
878 2792 908 2846 et
930 2787 1066 2861 planetae
1090 2790 1214 2845 000101

89 2905 90 2909 =
154 2875 234 2934 0001)
258 2875 382 2934 invicem
398 2879 505 2934 mutuo
529 2876 669 2935 foventur
691 2878 721 2934 et
737 2875 959 2935 confirmantur.
1005 2874 1061 2934 Sed
1084 2879 1114 2934 et
1137 2876 1216 2935 sicut
1310 2901 1311 2912 ¹

198 2965 295 3023 00100
327 2983 435 3040 corpus
464 2965 595 3024 vivificat
625 2968 656 3023 et
678 2965 850 3040 consolidat,
882 2965 924 3024 sic
952 2965 1041 3024 etiam
1065 2965 1118 3035 sol,
1142 2966 1213 3023 luna
1310 2963 1311 3030 J

198 3057 227 3112 et
259 3054 349 3112 ceteri
376 3055 511 3129 planetae
540 3053 759 3112 firmamentum
793 3071 860 3112 cum
889 3055 959 3130 igne
981 3072 1035 3112 000
1058 3053 1160 3112 fovent
1184 3057 1213 3112 et

198 3143 379 3204 confirmant.
424 3141 500 3201 Nam
531 3143 753 3202 firmamentum
781 3146 827 3201 est
852 3144 936 3202 velut
964 3146 1053 3218 caput
1076 3142 1211 3213 hominia,

197 3232 250 3308 sol,
273 3232 346 3290 luna
369 3233 523 3291 cistellae
545 3237 581 3291 01
604 3232 692 3308 00011,
725 3249 776 3292 aer
798 3234 834 3290 ut
857 3233 985 3306 auditur,
1020 3233 1100 3291 venti
1129 3233 1213 3292 velut

153 3321 347 3397 0501000100,
379 3339 427 3380 ros
458 3323 494 3380 ut
521 3323 634 3398 gustus,
668 3321 761 3380 latera
787 3321 891 3380 mundi
918 3322 954 3379 ut
982 3320 1155 3380 brachiaet
1178 3325 1213 3380 01

196 3413 300 3470 tactim
345 3410 482 3469 11101100
506 3411 664 3486 creaturae,
694 3429 768 3486 quae
791 3411 914 3470 suntin
936 3409 1056 3480 mundo,
1085 3412 1155 3468 sunt
1177 3414 1213 3469 ut

196 3502 306 3576 venter,
334 3503 415 3558 terra
437 3503 537 3561 autem
559 3503 595 3559 nt
617 3519 676 3577 cor,
699 3499 787 3576 quod,
816 3498 1065 3575 quemadmodum
1093 3517 1143 3557 eor
1165 3517 1212 3558 su·
