2662 3932
202 159 242 218 82
587 149 832 207 HlLDEGARDlS

199 335 322 396 interius
344 335 434 396 habet
455 354 546 411 quam
569 335 594 393 si
616 335 735 413 vigilat,
768 334 851 411 quia,
883 353 954 394 cum
979 335 1069 394 homo
1098 335 1240 414 vigilat,

199 421 329 484 inedulla
351 425 414 483 eins
436 424 513 483 tenis
540 424 669 484 efficitur
697 427 727 483 et
753 422 867 483 lubrica
894 442 928 482 ac
954 423 1088 500 turbida,
1119 427 1150 485 et
1186 425 1241 484 ob

198 515 256 574 hoc
276 513 328 574 ille
350 513 505 585 dormitam
528 531 596 572 cum
619 517 718 573 antam
741 513 859 588 dormit,
882 513 1013 572 medulla
1037 513 1101 572 eins
1122 515 1237 587 ardet,

200 602 341 680 quoniam
363 605 434 662 tunc
457 603 561 662 crescit
583 604 614 661 et
635 602 756 680 pinguis
778 605 809 660 et
832 601 955 661 candida
976 602 1114 667 efficitur.

173 704 186 748 ⁵
267 692 312 751 De
331 693 495 766 pollutione
517 696 674 754 nectarco.
718 689 803 750 Unde
830 692 919 750 etiam
947 692 1012 766 ipsa
1038 695 1112 752 tunc
1139 693 1233 752 mul-

199 781 309 842 totiens
340 781 371 841 in
400 781 504 840 eodem
531 781 636 841 ardore
663 780 837 856 sanguinem
864 799 899 840 ex
926 781 1133 856 superfluitate
1162 800 1232 842 sua

201 870 238 929 ad
266 870 490 931 delectationem
518 871 617 930 movet
644 874 675 928 et
701 887 838 945 spumam
865 869 1039 944 pollutionis
1067 871 1231 932 nesciente

199 959 318 1019 homine
342 960 380 1018 ad
402 958 543 1037 genitalia
565 958 685 1018 mittens
708 958 856 1033 producit.
900 959 983 1017 Tunc
1011 958 1101 1018 etiam
1124 959 1230 1020 inter·

200 1049 319 1108 dumex
341 1047 634 1124 superhabundantia
649 1046 783 1108 ciborum
810 1051 841 1108 et
863 1051 991 1122 potuum
1014 1048 1147 1108 medulla
1171 1069 1228 1108 ex·

160 1149 188 1194 10
202 1138 334 1209 ardescit,
359 1137 499 1214 quoniam
518 1137 708 1196 immoderati
723 1136 783 1196 cibi
799 1140 831 1197 et
845 1138 935 1212 potus
951 1137 1051 1213 ignem
1068 1138 1226 1198 medullae

200 1228 387 1303 aliquantum
417 1225 642 1285 subministrant
672 1229 703 1284 et
730 1244 834 1284 succus
863 1244 964 1285 eorum
994 1226 1156 1286 medullam
1189 1233 1226 1287 et

201 1315 372 1393 sanguinem
415 1314 602 1391 aliquantum
645 1315 676 1374 in
713 1315 875 1374 motionem
914 1315 1035 1379 ducunt.
1095 1316 1135 1375 llt
1174 1317 1224 1376 ita

201 1405 331 1464 medulla
354 1405 537 1464 inardescens
560 1404 783 1468 delectationem
806 1408 913 1481 gustus
936 1404 1032 1464 carnis
1054 1404 1086 1462 in
1108 1423 1223 1484 sangu-

201 1495 249 1553 ine
276 1493 410 1552 concutit
435 1498 466 1552 ct
494 1512 629 1569 spumam
659 1492 835 1569 pollutionis
863 1493 1020 1570 ignorante
1042 1492 1160 1554 homine
1185 1496 1220 1556 in

160 1595 186 1642 15
202 1581 343 1660 genitalia
366 1582 472 1658 educit,
496 1583 577 1658 quod
599 1588 697 1642 tamen
721 1603 739 1640 a
761 1583 858 1642 calore
880 1582 1000 1642 aestatis
1022 1584 1070 1642 vel
1085 1603 1102 1641 a
1117 1585 1220 1644 calore

198 1671 441 1732 indumentorum
462 1672 589 1731 hominis
612 1691 672 1730 non
694 1672 793 1730 evenit
815 1672 863 1730 vel
883 1677 951 1730 raro
967 1672 1121 1749 contingit
1157 1672 1218 1734 Sed

199 1761 270 1838 quia
296 1764 369 1822 tunc
396 1779 504 1837 corpus
532 1760 658 1838 quiescit
684 1779 738 1820 uec
765 1761 927 1838 quicquam
957 1765 1112 1838 operatur,
1142 1765 1219 1823 tnnc

199 1851 308 1926 anima,
341 1871 416 1928 quae
447 1850 592 1926 vigilante
619 1868 741 1925 corpore
766 1850 799 1908 in
825 1850 930 1909 multis
958 1849 1052 1910 causis
1081 1869 1151 1910 cum
1179 1871 1217 1912 eo

199 1944 341 2016 occupata
355 1941 423 2012 fuit,
439 1939 591 2000 scientiam
605 1957 699 2013 suam,
714 1958 782 1997 cum
802 1939 908 2015 quain
923 1957 1046 2014 corpore
1062 1943 1217 2017 operatur,

158 2039 186 2085 co
199 2030 283 2090 velut
306 2031 407 2089 oculos
430 2047 498 2089 suos
521 2029 552 2088 in
575 2028 695 2088 somniis
718 2028 818 2088 educit
840 2030 871 2087 et
898 2029 1114 2104 circumspicit,
1138 2048 1215 2106 quo·

198 2119 279 2177 niam
301 2121 373 2178 tunc
396 2118 513 2178 diverso
538 2137 625 2194 opere
648 2117 779 2192 eorporis
801 2135 860 2178 non
884 2117 1056 2194 impeditur.

265 2208 342 2267 Item
374 2209 409 2267 de
439 2207 539 2266 noca
570 2211 597 2266 et
628 2208 695 2266 eins
720 2207 887 2280 prophetia.
931 2204 1008 2265 Nam
1039 2225 1106 2266 cum
1138 2207 1214 2268 deus

199 2315 335 2372 soporem
362 2297 394 2355 in
421 2295 518 2354 Adam
546 2295 640 2371 misit,
672 2295 769 2354 anima
798 2296 861 2355 eius
891 2297 924 2354 in
954 2315 1025 2355 vera
1055 2296 1215 2372 prophetia

199 2385 318 2446 interim
356 2386 451 2444 multa
488 2385 578 2460 vidit,
620 2385 691 2461 quia
725 2385 857 2444 nondum
895 2385 1017 2461 aliquod
1054 2390 1212 2460 peccatum

158 2486 185 2532 25
199 2475 334 2538 babebat.
379 2475 427 2534 Ita
457 2477 486 2534 et
517 2475 681 2534 dormiente
712 2473 830 2534 homine
857 2474 955 2532 anima
983 2475 1047 2533 eius
1077 2475 1110 2532 in
1139 2494 1211 2534 vera

199 2565 356 2640 prophetia
378 2565 474 2623 multa
496 2563 622 2639 videret,
654 2563 679 2624 si
702 2563 781 2622 idem
803 2563 892 2622 homo
915 2563 1042 2640 peccatis
1066 2567 1210 2640 gravatus

198 2673 258 2714 non
281 2658 365 2718 esset.

266 2744 311 2804 Dc
325 2742 459 2805 senatis.
490 2743 547 2802 Sed
562 2746 669 2818 tamen,
693 2742 833 2818 quoniam
850 2741 947 2800 anima
966 2740 1094 2802 hominis
1117 2763 1135 2800 a
1158 2741 1212 2802 deo

200 2835 256 2905 est,
288 2833 446 2908 aliquando
469 2851 538 2890 vera
561 2835 591 2891 et
613 2833 717 2890 futura
739 2849 861 2907 corpore
884 2830 1046 2890 dormiente
1072 2830 1157 2891 videt
1183 2835 1212 2892 et

159 2919 256 2980 eoscit
279 2939 320 2996 ea,
344 2941 419 2998 quae
443 2922 547 2980 futura
570 2924 640 2980 sunt
661 2920 788 2994 homini,
811 2938 886 2996 qnae
908 2920 951 2980 ita
973 2919 1123 2980 interdum
1147 2938 1211 2980 con·

199 3009 329 3086 lingunt.
375 3010 466 3085 Saepe
488 3010 578 3069 etiam
601 3010 707 3085 evenit,
731 3009 811 3086 quod
834 3012 886 3069 aut
909 3008 1054 3068 diabolica
1076 3009 1211 3069 illusione
1318 3013 1319 3020 ’

200 3099 326 3176 fatigata
349 3104 402 3160 aut
423 3098 543 3160 turbata
562 3101 659 3158 mente
682 3101 805 3175 gravata
826 3099 955 3175 perfecte
976 3117 1036 3158 non
1058 3100 1157 3173 potest
1179 3117 1211 3158 aa

200 3188 299 3247 videre
329 3191 360 3247 et
394 3188 550 3264 decipitur.
606 3185 681 3246 Nam
712 3188 883 3248 multotiens
916 3187 1148 3264 cogitationibus
1183 3190 1209 3246 et

201 3277 387 3352 opinionibus
410 3280 499 3354 atque
519 3277 733 3354 voluntatibus,
756 3277 865 3352 quibus
881 3277 968 3337 homo
983 3277 1111 3354 vigilans
1126 3295 1208 3336 occu·

161 3377 187 3423 st
200 3369 299 3442 patur,
321 3367 367 3428 his
390 3368 478 3428 etiam
500 3371 531 3427 et
548 3367 578 3426 in
595 3366 704 3426 somnis
720 3369 870 3444 gravatur,
893 3370 923 3426 et
943 3367 975 3424 in
998 3366 1038 3426 eis
1060 3367 1208 3426 interdum

200 3456 244 3515 ita
266 3456 400 3518 elevatur
429 3461 466 3517 ut
491 3457 682 3531 fermentum,
712 3455 794 3532 quod
820 3473 947 3516 massam
973 3455 1086 3514 farinae
1109 3456 1209 3528 elevat,

202 3545 263 3605 sive
295 3546 488 3623 cogitationes
518 3547 586 3605 illae
620 3546 711 3606 bonae
743 3546 805 3606 sive
836 3546 928 3604 malae
961 3545 1027 3604 sint.
1074 3543 1161 3616 Quod
1189 3544 1210 3604 si
