2662 3932
203 119 265 180 126
305 103 306 106 ’
588 109 834 170 menusanum

201 316 255 374 per
293 297 490 357 minutionem
521 294 671 356 incisionis
709 295 741 354 in
779 314 854 355 vena
891 299 945 356 eut
987 297 1225 371 sensificationis

201 386 322 463 sanguis
345 387 410 446 eius
440 384 625 461 aliquantum
649 401 766 446 carosus
798 385 855 444 erit
885 389 915 444 et
937 385 1087 464 infirmus,
1117 390 1147 448 st
1177 389 1224 448 sic

201 476 290 534 home
312 475 363 534 ille
385 474 590 534 infirmitatem
611 473 746 536 incurrit.

270 565 395 638 Quande
416 564 582 625 mutuetur.
620 561 696 622 Cum
718 581 790 640 ergo
814 563 922 639 aliquis
944 561 1032 624 hemo
1055 583 1158 624 venam
1182 565 1224 624 ud

174 654 398 714 eminationem
420 652 571 730 sanguinis
594 651 724 712 incidere
744 651 886 727 veluerit,
909 651 966 712 boc
985 652 1103 713 ieiunus
1122 653 1223 729 faeiat,

202 742 273 818 quia
295 761 362 802 cum
379 743 467 803 bomo
482 742 601 801 ieiunus
623 743 675 812 est,
698 741 846 812 humores,
870 741 923 817 qui
938 741 1049 818 inipso
1066 743 1222 819 exsistunt,

203 852 221 890 a
243 833 385 910 sanguine
408 830 630 908 aliquantulum
652 829 779 905 separati
801 833 884 906 sunt,
913 834 944 890 et
972 832 1093 908 sanguis
1114 831 1146 890 in
1168 831 1223 891 hc

201 921 281 980 mine
314 923 386 982 tunc
417 923 499 982 rectu
534 925 564 980 et
594 917 668 978 bene
702 922 868 994 temperate
896 918 984 978 medo
1015 920 1097 996 fluit,
1134 921 1223 980 adut

201 1009 325 1085 rivulus,
349 1010 402 1086 qui
425 1010 455 1069 in
478 1009 544 1069 loce
567 1026 622 1068 suo
644 1007 756 1084 absque
770 1008 835 1066 ulla
850 1008 1048 1069 commotione
1063 1013 1223 1070 ventorum

162 1110 189 1155 10
203 1102 256 1158 aut
277 1099 352 1158 aeris
379 1102 459 1159 recte
486 1103 517 1158 et
543 1098 678 1158 ordinate
706 1101 816 1158 manat.
861 1097 919 1156 Sed
945 1100 1105 1174 postquam
1130 1099 1223 1158 bomo

202 1187 301 1248 cibum
313 1189 469 1265 acceperit,
480 1187 602 1265 sangnis
616 1188 648 1246 in
663 1204 698 1246 ee
714 1187 938 1261 aliquantulum
952 1187 1062 1247 fortius
1077 1188 1223 1248 inundare

200 1277 314 1354 incipit,
347 1281 378 1338 et
408 1279 450 1336 ita
481 1276 621 1336 humores
653 1294 684 1336 se
714 1275 760 1334 illi
788 1274 975 1351 aliquantum
999 1277 1221 1349 intermiscent,

201 1384 255 1425 uec
287 1368 361 1426 tunc
391 1366 479 1426 facile
510 1365 547 1424 ab
579 1366 705 1426 invicem
735 1365 867 1440 separari
896 1369 1030 1440 pessunt.
1074 1366 1115 1426 Et
1144 1367 1221 1442 ideo,

202 1473 270 1514 cum
302 1454 391 1515 bomo
421 1455 539 1516 ieiunus
571 1459 630 1527 est,
668 1473 774 1514 venam
800 1453 924 1528 incidat,
960 1458 997 1514 ut
1032 1454 1171 1516 bumoms
1205 1475 1222 1514 e
1293 1493 1294 1498 κ

162 1556 189 1602 15
202 1543 346 1621 sanguine
373 1545 503 1622 separati
536 1547 621 1606 tantu
651 1542 768 1604 facilius
801 1543 936 1619 effluant,
968 1546 1091 1620 excepto
1119 1545 1220 1622 aliquo

202 1632 320 1692 bomine
351 1634 381 1693 in
412 1633 508 1694 multa
531 1633 684 1694 debilitate
707 1637 737 1692 et
768 1632 941 1694 infirmitate
969 1633 1136 1710 exsistente,
1166 1633 1219 1710 qui
1293 1697 1294 1700 ,

202 1721 354 1782 modicum
387 1723 487 1784 cibum
525 1724 635 1800 capiat,
679 1727 835 1798 antequam
873 1741 978 1782 venem
1013 1722 1142 1800 incidat,
1184 1743 1220 1782 ne

202 1811 328 1873 deficiet.
796 1861 798 1868 Α

271 1902 319 1962 De
340 1903 566 1974 scarificatione.
597 1901 657 1972 Qui
671 1901 828 1962 sensificari
850 1901 926 1976 vult,
949 1900 1005 1961 hoc
1027 1901 1137 1960 ieiunio
1160 1900 1220 1976 fiat,

162 2001 189 2047 20
203 1990 275 2066 quia
300 1993 373 2050 tunc
401 1991 485 2051 tabes
512 2011 530 2050 a
556 1991 698 2068 sanguine
726 1992 860 2068 separate
891 1990 996 2056 effluit,
1040 1987 1116 2048 Nam
1142 1994 1219 2066 post·

202 2097 292 2154 quem
315 2079 404 2140 hemo
426 2080 556 2156 prandit,
580 2080 700 2156 sanguis
715 2079 779 2139 tebi
793 2079 1023 2155 intermiscetur,
1046 2082 1077 2140 et
1099 2080 1124 2139 si
1147 2084 1218 2139 tunc

202 2168 292 2226 bomo
323 2169 481 2228 scarificari
511 2168 655 2244 uoluerit,
687 2168 809 2246 sanguis
837 2187 904 2228 cum
931 2169 1000 2230 tabe
1027 2169 1132 2230 effluit.
1174 2167 1219 2228 Ne
1293 2225 1294 2228 ,

203 2259 303 2315 eutem
334 2257 423 2317 home
450 2259 482 2318 iu
513 2259 600 2318 corde
627 2257 757 2334 deficiet,
798 2258 948 2318 medicum
979 2259 1065 2334 panis
1097 2262 1127 2317 et
1157 2257 1219 2317 vini

203 2349 314 2421 sumat,
348 2350 507 2424 antequam
531 2347 776 2408 scarificationem
799 2348 932 2424 accipiat.
977 2347 1066 2407 Omni
1087 2349 1219 2422 tempore
1293 2353 1294 2416 ζ

162 2445 190 2491 25
204 2434 377 2496 scarificatic
400 2436 477 2496 bone
499 2441 530 2496 et
551 2436 635 2497 utilis
657 2439 709 2512 eet,
734 2439 771 2497 ut
791 2436 873 2496 noxii
895 2436 1033 2496 humores
1055 2437 1086 2496 at
1102 2436 1218 2507 livores,
1293 2489 1294 2510 ¹

204 2524 257 2600 qui
272 2524 303 2583 in
318 2524 435 2585 homine
454 2529 532 2597 suut,
554 2526 735 2585 minuantur.
769 2523 844 2585 Nem
856 2527 1042 2586 intercutem
1059 2527 1089 2584 st
1104 2543 1218 2584 carnem
1293 2519 1294 2544 ¹

203 2613 312 2674 livores
327 2615 453 2674 maxime
471 2614 655 2686 habundant,
681 2617 711 2675 et
725 2614 756 2673 hi
771 2615 930 2691 praecipue
945 2614 1067 2675 laedunt
1081 2613 1217 2676 hemines.
1293 2669 1294 2682 ,

204 2701 509 2765 Scerificatioautem
530 2704 625 2782 magis
641 2703 799 2765 iuvenibus
822 2723 912 2780 quam
934 2703 1052 2764 senibus
1075 2703 1217 2780 congruit,
1293 2697 1294 2704 '

204 2791 343 2866 queniam
382 2794 503 2852 iuvenes
538 2793 570 2852 iu
607 2792 784 2854 humoribus
816 2793 886 2869 plus
923 2792 1095 2852 habundant
1131 2811 1217 2867 quem

162 2890 191 2935 sc
205 2897 294 2940 senen.
340 2881 380 2940 ut
413 2882 588 2942 scarificatic
620 2883 715 2960 magis
746 2883 778 2941 iu
809 2886 920 2943 aestate
948 2900 1037 2959 quam
1063 2882 1095 2940 in
1125 2880 1216 2940 bieme

204 2970 355 3046 convenit,
386 2971 457 3047 quia
487 2971 621 3033 homines
648 2972 679 3031 in
707 2974 817 3032 aestate
844 2972 938 3048 magis
965 2988 1057 3031 novos
1083 2970 1162 3030 cibos
1186 2974 1216 3030 at

204 3076 297 3118 nevos
319 3063 350 3120 et
380 3060 490 3120 virides
518 3079 619 3121 succos
647 3060 807 3121 comedunt
836 3079 925 3136 quam
947 3061 979 3119 in
1000 3059 1111 3134 bieme,
1142 3058 1215 3119 unde

203 3166 294 3208 novos
316 3149 408 3209 etiem
430 3149 539 3210 livores
561 3149 724 3210 attrabunt
764 3149 822 3221 Qui
844 3168 915 3210 vero
930 3148 1034 3210 molles
1050 3151 1080 3208 et
1093 3148 1214 3225 pingues
1237 3139 1238 3150 ¹

204 3254 305 3297 cernes
315 3237 432 3313 babent,
441 3239 472 3298 in
485 3257 544 3300 unc
557 3257 655 3299 mense
665 3259 719 3316 per
732 3238 973 3300 scarificationem
989 3237 1034 3298 bis
1048 3237 1213 3314 sanguinem

161 3335 190 3380 sc
204 3326 367 3390 extrabant.
417 3326 475 3398 Qui
497 3347 567 3389 vero
592 3347 703 3389 macres
727 3331 804 3403 sunt
833 3328 890 3387 bec
912 3328 942 3387 in
966 3327 1101 3404 quelibet
1123 3345 1215 3386 mense

203 3417 291 3476 semel
313 3418 445 3490 iaciant,
477 3419 503 3478 si
531 3437 606 3496 opus
635 3412 735 3480 fuerit.
780 3417 819 3476 Et
850 3417 902 3493 qui
929 3417 960 3476 in
988 3415 1081 3478 oculis
1110 3418 1161 3475 eut
1184 3415 1231 3496 in,

203 3505 326 3568 auribus
350 3526 402 3568 seu
424 3508 456 3568 in
479 3510 545 3569 tote
574 3509 669 3586 capite
696 3508 790 3580 delet,
822 3523 915 3568 cornu
942 3506 989 3565 vel
1011 3509 1161 3565 ventosam
1182 3505 1212 3564 in
