<?xml version="1.0" encoding="UTF-8"?>
<!DOCTYPE html PUBLIC "-//W3C//DTD XHTML 1.0 Transitional//EN"
    "http://www.w3.org/TR/xhtml1/DTD/xhtml1-transitional.dtd">
<html xmlns="http://www.w3.org/1999/xhtml" xml:lang="en" lang="en">
 <head>
  <title>
</title>
<meta http-equiv="Content-Type" content="text/html;charset=utf-8" />
  <meta name='ocr-system' content='tesseract 3.04.00' />
  <meta name='ocr-capabilities' content='ocr_page ocr_carea ocr_par ocr_line ocrx_word'/>
</head>
<body>
  <div class='ocr_page' id='page_1' title='image "./hildegardiscaus00hildgoog_0206.png"; bbox 0 0 2668 3924; ppageno 0'>
   <div class='ocr_carea' id='block_1_1' title="bbox 345 161 1108 245">
    <p class='ocr_par' dir='ltr' id='par_1_1' title="bbox 345 161 1108 245">
     <span class='ocr_line' id='line_1_1' title="bbox 345 161 1108 245; baseline 0.016 -26"><span class='ocrx_word' id='word_1_1' title='bbox 345 164 488 220; x_wconf 78' lang='lat' dir='ltr'>CAUSAE</span> <span class='ocrx_word' id='word_1_2' title='bbox 507 163 554 245; x_wconf 78' lang='grc' dir='ltr'><strong>ΕΤ</strong></span> <span class='ocrx_word' id='word_1_3' title='bbox 572 161 695 219; x_wconf 76' lang='lat' dir='ltr'><strong>CURAE</strong></span> <span class='ocrx_word' id='word_1_4' title='bbox 713 166 779 222; x_wconf 85' lang='lat' dir='ltr'><strong>LIB.</strong></span> <span class='ocrx_word' id='word_1_5' title='bbox 800 164 846 218; x_wconf 87' lang='lat' dir='ltr'><strong>IV.</strong></span> <span class='ocrx_word' id='word_1_6' title='bbox 1045 169 1108 230; x_wconf 88' lang='grc'><strong>195</strong></span> 
     </span>
    </p>
   </div>
   <div class='ocr_carea' id='block_1_2' title="bbox 12 347 1153 3366">
    <p class='ocr_par' dir='ltr' id='par_1_2' title="bbox 89 347 1153 1405">
     <span class='ocr_line' id='line_1_2' title="bbox 89 347 1153 425; baseline 0.001 -18"><span class='ocrx_word' id='word_1_7' title='bbox 89 369 193 408; x_wconf 91' lang='lat' dir='ltr'><strong>meum</strong></span> <span class='ocrx_word' id='word_1_8' title='bbox 225 351 256 408; x_wconf 89' lang='lat' dir='ltr'><strong>te</strong></span> <span class='ocrx_word' id='word_1_9' title='bbox 287 347 453 411; x_wconf 87' lang='lat' dir='ltr'><strong>constitno&#39;.</strong></span> <span class='ocrx_word' id='word_1_10' title='bbox 498 348 538 408; x_wconf 80' lang='lat' dir='ltr'><strong>Et</strong></span> <span class='ocrx_word' id='word_1_11' title='bbox 570 368 636 408; x_wconf 88' lang='lat' dir='ltr'><strong>cum</strong></span> <span class='ocrx_word' id='word_1_12' title='bbox 668 349 769 423; x_wconf 86' lang='lat' dir='ltr'><strong>illum,</strong></span> <span class='ocrx_word' id='word_1_13' title='bbox 803 349 856 425; x_wconf 90' lang='lat' dir='ltr'><strong>qni</strong></span> <span class='ocrx_word' id='word_1_14' title='bbox 887 349 925 407; x_wconf 89' lang='lat' dir='ltr'><strong>ad</strong></span> <span class='ocrx_word' id='word_1_15' title='bbox 955 348 1109 408; x_wconf 78' lang='lat' dir='ltr'><strong>sinistrum</strong></span> <span class='ocrx_word' id='word_1_16' title='bbox 1148 347 1153 360; x_wconf 84' lang='lat'>&#39;</span> 
     </span>
     <span class='ocr_line' id='line_1_3' title="bbox 90 436 1110 514; baseline 0.002 -18"><span class='ocrx_word' id='word_1_17' title='bbox 90 439 174 498; x_wconf 89' lang='lat' dir='ltr'><strong>latus</strong></span> <span class='ocrx_word' id='word_1_18' title='bbox 197 439 263 508; x_wconf 76' lang='lat' dir='ltr'><strong>erit,</strong></span> <span class='ocrx_word' id='word_1_19' title='bbox 287 436 393 514; x_wconf 80' lang='lat' dir='ltr'><strong>infigit,</strong></span> <span class='ocrx_word' id='word_1_20' title='bbox 417 437 508 498; x_wconf 88' lang='lat' dir='ltr'><strong>dicat:</strong></span> <span class='ocrx_word' id='word_1_21' title='bbox 533 437 577 514; x_wconf 88' lang='lat' dir='ltr'><strong>,In</strong></span> <span class='ocrx_word' id='word_1_22' title='bbox 599 438 760 498; x_wconf 87' lang='lat' dir='ltr'><strong>fortissima</strong></span> <span class='ocrx_word' id='word_1_23' title='bbox 783 438 813 497; x_wconf 85' lang='lat' dir='ltr'><strong>vi</strong></span> <span class='ocrx_word' id='word_1_24' title='bbox 837 438 1046 514; x_wconf 87' lang='lat' dir='ltr'><strong>omnipotentis</strong></span> <span class='ocrx_word' id='word_1_25' title='bbox 1062 439 1110 498; x_wconf 90' lang='lat' dir='ltr'><strong>dei</strong></span> 
     </span>
     <span class='ocr_line' id='line_1_4' title="bbox 90 526 1108 603; baseline 0.001 -18"><span class='ocrx_word' id='word_1_26' title='bbox 90 528 130 586; x_wconf 89' lang='lat' dir='ltr'><strong>ad</strong></span> <span class='ocrx_word' id='word_1_27' title='bbox 153 529 356 586; x_wconf 71' lang='lat' dir='ltr'><strong>tutamentum</strong></span> <span class='ocrx_word' id='word_1_28' title='bbox 383 546 483 586; x_wconf 89' lang='lat' dir='ltr'><strong>meum</strong></span> <span class='ocrx_word' id='word_1_29' title='bbox 509 529 539 586; x_wconf 90' lang='lat' dir='ltr'><strong>te</strong></span> <span class='ocrx_word' id='word_1_30' title='bbox 566 526 725 588; x_wconf 88' lang='lat' dir='ltr'><strong>confirmo&#39;.</strong></span> <span class='ocrx_word' id='word_1_31' title='bbox 769 527 809 585; x_wconf 78' lang='lat' dir='ltr'><strong>Et</strong></span> <span class='ocrx_word' id='word_1_32' title='bbox 835 526 891 586; x_wconf 90' lang='lat' dir='ltr'><strong>hoc</strong></span> <span class='ocrx_word' id='word_1_33' title='bbox 918 527 1039 603; x_wconf 84' lang='lat' dir='ltr'><strong>cingulo</strong></span> <span class='ocrx_word' id='word_1_34' title='bbox 1062 547 1108 586; x_wconf 85' lang='lat' dir='ltr'><strong>ec·</strong></span> 
     </span>
     <span class='ocr_line' id='line_1_5' title="bbox 90 616 1109 693; baseline 0.001 -17"><span class='ocrx_word' id='word_1_35' title='bbox 90 618 208 676; x_wconf 87' lang='lat' dir='ltr'><strong>cinctus</strong></span> <span class='ocrx_word' id='word_1_36' title='bbox 232 617 272 674; x_wconf 90' lang='lat' dir='ltr'><strong>sit</strong></span> <span class='ocrx_word' id='word_1_37' title='bbox 294 616 383 674; x_wconf 92' lang='lat' dir='ltr'><strong>homo</strong></span> <span class='ocrx_word' id='word_1_38' title='bbox 407 616 489 674; x_wconf 89' lang='lat' dir='ltr'><strong>omni</strong></span> <span class='ocrx_word' id='word_1_39' title='bbox 511 618 645 692; x_wconf 86' lang='lat' dir='ltr'><strong>tempore</strong></span> <span class='ocrx_word' id='word_1_40' title='bbox 667 617 780 675; x_wconf 90' lang='lat' dir='ltr'><strong>tamin</strong></span> <span class='ocrx_word' id='word_1_41' title='bbox 800 616 954 693; x_wconf 89' lang='lat' dir='ltr'><strong>diequam</strong></span> <span class='ocrx_word' id='word_1_42' title='bbox 970 617 1000 674; x_wconf 93' lang='lat' dir='ltr'><strong>in</strong></span> <span class='ocrx_word' id='word_1_43' title='bbox 1016 622 1109 685; x_wconf 82' lang='lat' dir='ltr'><strong>nocte,</strong></span> 
     </span>
     <span class='ocr_line' id='line_1_6' title="bbox 91 705 1137 782; baseline 0.003 -17"><span class='ocrx_word' id='word_1_44' title='bbox 91 709 123 766; x_wconf 92' lang='lat' dir='ltr'><strong>et</strong></span> <span class='ocrx_word' id='word_1_45' title='bbox 146 705 293 764; x_wconf 87' lang='lat' dir='ltr'><strong>diabolica</strong></span> <span class='ocrx_word' id='word_1_46' title='bbox 315 705 493 764; x_wconf 74' lang='lat' dir='ltr'><strong>fantasmata</strong></span> <span class='ocrx_word' id='word_1_47' title='bbox 515 725 583 764; x_wconf 88' lang='lat' dir='ltr'><strong>sum</strong></span> <span class='ocrx_word' id='word_1_48' title='bbox 606 705 808 764; x_wconf 86' lang='lat' dir='ltr'><strong>abhorrebunt</strong></span> <span class='ocrx_word' id='word_1_49' title='bbox 830 723 864 764; x_wconf 88' lang='lat' dir='ltr'><strong>ac</strong></span> <span class='ocrx_word' id='word_1_50' title='bbox 885 706 1001 782; x_wconf 80' lang='lat' dir='ltr'><strong>magica</strong></span> <span class='ocrx_word' id='word_1_51' title='bbox 1020 706 1137 770; x_wconf 77' lang='lat' dir='ltr'><strong>verbus</strong></span> 
     </span>
     <span class='ocr_line' id='line_1_7' title="bbox 92 793 1111 870; baseline 0.001 -17"><span class='ocrx_word' id='word_1_52' title='bbox 92 815 163 853; x_wconf 89' lang='lat' dir='ltr'><strong>eum</strong></span> <span class='ocrx_word' id='word_1_53' title='bbox 185 795 285 853; x_wconf 89' lang='lat' dir='ltr'><strong>minus</strong></span> <span class='ocrx_word' id='word_1_54' title='bbox 314 793 450 869; x_wconf 89' lang='lat' dir='ltr'><strong>laedunt,</strong></span> <span class='ocrx_word' id='word_1_55' title='bbox 482 813 550 853; x_wconf 89' lang='lat' dir='ltr'><strong>cum</strong></span> <span class='ocrx_word' id='word_1_56' title='bbox 573 794 724 870; x_wconf 88' lang='lat' dir='ltr'><strong>praedicta</strong></span> <span class='ocrx_word' id='word_1_57' title='bbox 745 794 948 854; x_wconf 89' lang='lat' dir='ltr'><strong>benedictione</strong></span> <span class='ocrx_word' id='word_1_58' title='bbox 972 814 1006 854; x_wconf 87' lang='lat' dir='ltr'><strong>ex</strong></span> <span class='ocrx_word' id='word_1_59' title='bbox 1030 796 1111 854; x_wconf 87' lang='lat' dir='ltr'><strong>omni</strong></span> 
     </span>
     <span class='ocr_line' id='line_1_8' title="bbox 91 883 1109 960; baseline 0.002 -18"><span class='ocrx_word' id='word_1_60' title='bbox 91 887 180 960; x_wconf 88' lang='lat' dir='ltr'><strong>parte</strong></span> <span class='ocrx_word' id='word_1_61' title='bbox 212 883 345 959; x_wconf 87' lang='lat' dir='ltr'><strong>corporis</strong></span> <span class='ocrx_word' id='word_1_62' title='bbox 376 883 423 942; x_wconf 84' lang='lat' dir='ltr'><strong>sui</strong></span> <span class='ocrx_word' id='word_1_63' title='bbox 460 902 514 958; x_wconf 91' lang='lat' dir='ltr'><strong>per</strong></span> <span class='ocrx_word' id='word_1_64' title='bbox 540 884 599 942; x_wconf 87' lang='lat' dir='ltr'><strong>ista</strong></span> <span class='ocrx_word' id='word_1_65' title='bbox 628 884 764 943; x_wconf 85' lang='lat' dir='ltr'><strong>munitur</strong></span> <span class='ocrx_word' id='word_1_66' title='bbox 794 886 824 942; x_wconf 91' lang='lat' dir='ltr'><strong>et</strong></span> <span class='ocrx_word' id='word_1_67' title='bbox 856 883 1109 960; x_wconf 74' lang='lat' dir='ltr'><strong>circumcingitur.</strong></span> 
     </span>
     <span class='ocr_line' id='line_1_9' title="bbox 90 971 1111 1032; baseline 0 0"><span class='ocrx_word' id='word_1_68' title='bbox 90 971 168 1032; x_wconf 91' lang='lat' dir='ltr'><strong>Nam</strong></span> <span class='ocrx_word' id='word_1_69' title='bbox 205 973 296 1032; x_wconf 87' lang='lat' dir='ltr'><strong>calibs</strong></span> <span class='ocrx_word' id='word_1_70' title='bbox 332 975 377 1031; x_wconf 88' lang='lat' dir='ltr'><strong>est</strong></span> <span class='ocrx_word' id='word_1_71' title='bbox 414 971 633 1032; x_wconf 88' lang='lat' dir='ltr'><strong>firmamentum</strong></span> <span class='ocrx_word' id='word_1_72' title='bbox 672 976 703 1032; x_wconf 89' lang='lat' dir='ltr'><strong>et</strong></span> <span class='ocrx_word' id='word_1_73' title='bbox 740 976 947 1032; x_wconf 85' lang='lat' dir='ltr'><strong>ornamentum</strong></span> <span class='ocrx_word' id='word_1_74' title='bbox 985 973 1111 1032; x_wconf 87' lang='lat' dir='ltr'><strong>aliarum</strong></span> 
     </span>
     <span class='ocr_line' id='line_1_10' title="bbox 90 1061 1110 1138; baseline 0 -17"><span class='ocrx_word' id='word_1_75' title='bbox 90 1081 194 1121; x_wconf 88' lang='lat' dir='ltr'><strong>rerum</strong></span> <span class='ocrx_word' id='word_1_76' title='bbox 221 1064 251 1121; x_wconf 86' lang='lat' dir='ltr'><strong>et</strong></span> <span class='ocrx_word' id='word_1_77' title='bbox 279 1063 323 1120; x_wconf 87' lang='lat' dir='ltr'><strong>est</strong></span> <span class='ocrx_word' id='word_1_78' title='bbox 351 1061 437 1137; x_wconf 87' lang='lat' dir='ltr'><strong>quasi</strong></span> <span class='ocrx_word' id='word_1_79' title='bbox 465 1062 610 1138; x_wconf 88' lang='lat' dir='ltr'><strong>quaedam</strong></span> <span class='ocrx_word' id='word_1_80' title='bbox 637 1063 788 1122; x_wconf 88' lang='lat' dir='ltr'><strong>adiunctio</strong></span> <span class='ocrx_word' id='word_1_81' title='bbox 817 1063 853 1121; x_wconf 90' lang='lat' dir='ltr'><strong>ad</strong></span> <span class='ocrx_word' id='word_1_82' title='bbox 876 1062 952 1120; x_wconf 86' lang='lat' dir='ltr'><strong>vires</strong></span> <span class='ocrx_word' id='word_1_83' title='bbox 974 1061 1110 1138; x_wconf 86' lang='lat' dir='ltr'><strong>hominis,</strong></span> 
     </span>
     <span class='ocr_line' id='line_1_11' title="bbox 91 1149 1151 1228; baseline 0.004 -18"><span class='ocrx_word' id='word_1_84' title='bbox 91 1149 345 1228; x_wconf 89' lang='lat' dir='ltr'><strong>quemadmodum</strong></span> <span class='ocrx_word' id='word_1_85' title='bbox 377 1150 465 1210; x_wconf 89' lang='lat' dir='ltr'><strong>homo</strong></span> <span class='ocrx_word' id='word_1_86' title='bbox 497 1151 584 1210; x_wconf 86' lang='lat' dir='ltr'><strong>fortis</strong></span> <span class='ocrx_word' id='word_1_87' title='bbox 612 1154 666 1213; x_wconf 89' lang='lat' dir='ltr'><strong>est.</strong></span> <span class='ocrx_word' id='word_1_88' title='bbox 711 1150 768 1211; x_wconf 85' lang='lat' dir='ltr'><strong>Sed</strong></span> <span class='ocrx_word' id='word_1_89' title='bbox 795 1152 826 1210; x_wconf 90' lang='lat' dir='ltr'><strong>in</strong></span> <span class='ocrx_word' id='word_1_90' title='bbox 853 1152 942 1211; x_wconf 68' lang='lat' dir='ltr'><strong>iselam</strong></span> <span class='ocrx_word' id='word_1_91' title='bbox 965 1152 1110 1227; x_wconf 85' lang='lat' dir='ltr'><strong>quaedam</strong></span> <span class='ocrx_word' id='word_1_92' title='bbox 1124 1171 1151 1214; x_wconf 90' lang='lat'><strong>10</strong></span> 
     </span>
     <span class='ocr_line' id='line_1_12' title="bbox 90 1240 1110 1315; baseline 0 -15"><span class='ocrx_word' id='word_1_93' title='bbox 90 1240 243 1300; x_wconf 85' lang='lat' dir='ltr'><strong>fortitudo</strong></span> <span class='ocrx_word' id='word_1_94' title='bbox 276 1241 334 1313; x_wconf 88' lang='lat' dir='ltr'><strong>est,</strong></span> <span class='ocrx_word' id='word_1_95' title='bbox 367 1242 397 1298; x_wconf 88' lang='lat' dir='ltr'><strong>et</strong></span> <span class='ocrx_word' id='word_1_96' title='bbox 429 1241 564 1315; x_wconf 90' lang='lat' dir='ltr'><strong>capreola</strong></span> <span class='ocrx_word' id='word_1_97' title='bbox 593 1241 739 1300; x_wconf 90' lang='lat' dir='ltr'><strong>mundum</strong></span> <span class='ocrx_word' id='word_1_98' title='bbox 767 1241 876 1300; x_wconf 88' lang='lat' dir='ltr'><strong>animal</strong></span> <span class='ocrx_word' id='word_1_99' title='bbox 904 1244 960 1313; x_wconf 87' lang='lat' dir='ltr'><strong>est,</strong></span> <span class='ocrx_word' id='word_1_100' title='bbox 992 1242 1022 1299; x_wconf 86' lang='lat' dir='ltr'><strong>et</strong></span> <span class='ocrx_word' id='word_1_101' title='bbox 1044 1240 1110 1300; x_wconf 91' lang='lat' dir='ltr'><strong>ideo</strong></span> 
     </span>
     <span class='ocr_line' id='line_1_13' title="bbox 91 1329 985 1405; baseline 0.002 -15"><span class='ocrx_word' id='word_1_102' title='bbox 91 1329 236 1390; x_wconf 89' lang='lat' dir='ltr'><strong>diabolici</strong></span> <span class='ocrx_word' id='word_1_103' title='bbox 258 1329 382 1404; x_wconf 88' lang='lat' dir='ltr'><strong>spiritus</strong></span> <span class='ocrx_word' id='word_1_104' title='bbox 405 1329 463 1388; x_wconf 89' lang='lat' dir='ltr'><strong>ista</strong></span> <span class='ocrx_word' id='word_1_105' title='bbox 485 1329 685 1405; x_wconf 82' lang='lat' dir='ltr'><strong>dedignantur</strong></span> <span class='ocrx_word' id='word_1_106' title='bbox 708 1333 739 1388; x_wconf 90' lang='lat' dir='ltr'><strong>et</strong></span> <span class='ocrx_word' id='word_1_107' title='bbox 761 1349 795 1388; x_wconf 88' lang='lat' dir='ltr'><strong>ea</strong></span> <span class='ocrx_word' id='word_1_108' title='bbox 818 1329 985 1392; x_wconf 87' lang='lat' dir='ltr'><strong>abhorrent.</strong></span> 
     </span>
    </p>

    <p class='ocr_par' dir='ltr' id='par_1_3' title="bbox 90 1411 1151 2030">
     <span class='ocr_line' id='line_1_14' title="bbox 158 1411 1109 1496; baseline 0 -18"><span class='ocrx_word' id='word_1_109' title='bbox 158 1419 205 1478; x_wconf 83' lang='lat' dir='ltr'><strong>Dc</strong></span> <span class='ocrx_word' id='word_1_110' title='bbox 228 1418 379 1479; x_wconf 78' lang='lat' dir='ltr'><strong>oblivione.</strong></span> <span class='ocrx_word' id='word_1_111' title='bbox 428 1411 567 1496; x_wconf 72' lang='grc' dir='ltr'><strong>1)Ηοιι]ο,</strong></span> <span class='ocrx_word' id='word_1_112' title='bbox 591 1418 645 1495; x_wconf 90' lang='lat' dir='ltr'><strong>qui</strong></span> <span class='ocrx_word' id='word_1_113' title='bbox 661 1418 770 1495; x_wconf 84' lang='lat' dir='ltr'><strong>absque</strong></span> <span class='ocrx_word' id='word_1_114' title='bbox 786 1419 943 1480; x_wconf 84' lang='lat' dir='ltr'><strong>voluntate</strong></span> <span class='ocrx_word' id='word_1_115' title='bbox 966 1437 1020 1478; x_wconf 89' lang='lat' dir='ltr'><strong>sua</strong></span> <span class='ocrx_word' id='word_1_116' title='bbox 1035 1418 1109 1478; x_wconf 90' lang='lat' dir='ltr'><strong>obli·</strong></span> 
     </span>
     <span class='ocr_line' id='line_1_15' title="bbox 91 1507 1111 1583; baseline 0.001 -16"><span class='ocrx_word' id='word_1_117' title='bbox 91 1509 194 1569; x_wconf 84' lang='lat' dir='ltr'><strong>vicens</strong></span> <span class='ocrx_word' id='word_1_118' title='bbox 225 1511 276 1579; x_wconf 86' lang='lat' dir='ltr'><strong>est,</strong></span> <span class='ocrx_word' id='word_1_119' title='bbox 309 1509 446 1566; x_wconf 86' lang='lat' dir='ltr'><strong>urentem</strong></span> <span class='ocrx_word' id='word_1_120' title='bbox 476 1507 604 1567; x_wconf 89' lang='lat' dir='ltr'><strong>urticam</strong></span> <span class='ocrx_word' id='word_1_121' title='bbox 636 1508 761 1583; x_wconf 87' lang='lat' dir='ltr'><strong>accipiat</strong></span> <span class='ocrx_word' id='word_1_122' title='bbox 789 1511 819 1567; x_wconf 91' lang='lat' dir='ltr'><strong>et</strong></span> <span class='ocrx_word' id='word_1_123' title='bbox 841 1528 906 1568; x_wconf 90' lang='lat' dir='ltr'><strong>eam</strong></span> <span class='ocrx_word' id='word_1_124' title='bbox 930 1509 967 1567; x_wconf 92' lang='lat' dir='ltr'><strong>ad</strong></span> <span class='ocrx_word' id='word_1_125' title='bbox 990 1527 1111 1568; x_wconf 77' lang='lat' dir='ltr'><strong>succum</strong></span> 
     </span>
     <span class='ocr_line' id='line_1_16' title="bbox 90 1595 1151 1669; baseline 0.003 -12"><span class='ocrx_word' id='word_1_126' title='bbox 90 1597 258 1658; x_wconf 89' lang='lat' dir='ltr'><strong>contundat</strong></span> <span class='ocrx_word' id='word_1_127' title='bbox 280 1598 310 1655; x_wconf 87' lang='lat' dir='ltr'><strong>et</strong></span> <span class='ocrx_word' id='word_1_128' title='bbox 333 1595 438 1654; x_wconf 89' lang='lat' dir='ltr'><strong>deinde</strong></span> <span class='ocrx_word' id='word_1_129' title='bbox 459 1596 506 1654; x_wconf 93' lang='lat' dir='ltr'><strong>illi</strong></span> <span class='ocrx_word' id='word_1_130' title='bbox 529 1597 679 1656; x_wconf 89' lang='lat' dir='ltr'><strong>modicum</strong></span> <span class='ocrx_word' id='word_1_131' title='bbox 702 1597 846 1658; x_wconf 79' lang='lat' dir='ltr'><strong>tocmolct</strong></span> <span class='ocrx_word' id='word_1_132' title='bbox 869 1598 959 1656; x_wconf 89' lang='lat' dir='ltr'><strong>addat</strong></span> <span class='ocrx_word' id='word_1_133' title='bbox 982 1601 1019 1669; x_wconf 86' lang='lat' dir='ltr'><strong>et,</strong></span> <span class='ocrx_word' id='word_1_134' title='bbox 1043 1615 1151 1660; x_wconf 85' lang='lat' dir='ltr'><strong>cum15</strong></span> 
     </span>
     <span class='ocr_line' id='line_1_17' title="bbox 92 1684 1110 1762; baseline 0.001 -17"><span class='ocrx_word' id='word_1_135' title='bbox 92 1686 259 1746; x_wconf 87' lang='lat' dir='ltr'><strong>dormitum</strong></span> <span class='ocrx_word' id='word_1_136' title='bbox 292 1684 389 1760; x_wconf 80' lang='lat' dir='ltr'><strong>vadit,</strong></span> <span class='ocrx_word' id='word_1_137' title='bbox 419 1688 522 1761; x_wconf 85' lang='lat' dir='ltr'><strong>pectus</strong></span> <span class='ocrx_word' id='word_1_138' title='bbox 553 1705 641 1745; x_wconf 88' lang='lat' dir='ltr'><strong>suum</strong></span> <span class='ocrx_word' id='word_1_139' title='bbox 664 1691 694 1746; x_wconf 90' lang='lat' dir='ltr'><strong>et</strong></span> <span class='ocrx_word' id='word_1_140' title='bbox 726 1690 861 1762; x_wconf 90' lang='lat' dir='ltr'><strong>tempora</strong></span> <span class='ocrx_word' id='word_1_141' title='bbox 892 1705 946 1746; x_wconf 89' lang='lat' dir='ltr'><strong>sua</strong></span> <span class='ocrx_word' id='word_1_142' title='bbox 976 1705 1044 1745; x_wconf 91' lang='lat' dir='ltr'><strong>cum</strong></span> <span class='ocrx_word' id='word_1_143' title='bbox 1077 1706 1110 1746; x_wconf 89' lang='lat' dir='ltr'><strong>eo</strong></span> 
     </span>
     <span class='ocr_line' id='line_1_18' title="bbox 92 1773 1111 1852; baseline 0 -18"><span class='ocrx_word' id='word_1_144' title='bbox 92 1776 246 1852; x_wconf 80' lang='lat' dir='ltr'><strong>perungat</strong></span> <span class='ocrx_word' id='word_1_145' title='bbox 273 1777 304 1833; x_wconf 92' lang='lat' dir='ltr'><strong>et</strong></span> <span class='ocrx_word' id='word_1_146' title='bbox 330 1773 386 1833; x_wconf 90' lang='lat' dir='ltr'><strong>hoc</strong></span> <span class='ocrx_word' id='word_1_147' title='bbox 413 1793 499 1849; x_wconf 86' lang='lat' dir='ltr'><strong>saepe</strong></span> <span class='ocrx_word' id='word_1_148' title='bbox 526 1775 623 1840; x_wconf 84' lang='lat' dir='ltr'><strong>faciat.</strong></span> <span class='ocrx_word' id='word_1_149' title='bbox 651 1778 682 1834; x_wconf 88' lang='lat' dir='ltr'><strong>et</strong></span> <span class='ocrx_word' id='word_1_150' title='bbox 704 1775 814 1836; x_wconf 87' lang='lat' dir='ltr'><strong>oblivio</strong></span> <span class='ocrx_word' id='word_1_151' title='bbox 835 1775 867 1834; x_wconf 90' lang='lat' dir='ltr'><strong>in</strong></span> <span class='ocrx_word' id='word_1_152' title='bbox 889 1794 922 1835; x_wconf 90' lang='lat' dir='ltr'><strong>eo</strong></span> <span class='ocrx_word' id='word_1_153' title='bbox 946 1775 1111 1849; x_wconf 65' lang='lat' dir='ltr'><strong>minuetum</strong></span> 
     </span>
     <span class='ocr_line' id='line_1_19' title="bbox 91 1863 1109 1925; baseline -0.002 -1"><span class='ocrx_word' id='word_1_154' title='bbox 91 1867 199 1925; x_wconf 88' lang='lat' dir='ltr'><strong>acutus</strong></span> <span class='ocrx_word' id='word_1_155' title='bbox 229 1863 307 1924; x_wconf 88' lang='lat' dir='ltr'><strong>enim</strong></span> <span class='ocrx_word' id='word_1_156' title='bbox 336 1863 417 1922; x_wconf 88' lang='lat' dir='ltr'><strong>calor</strong></span> <span class='ocrx_word' id='word_1_157' title='bbox 444 1865 558 1924; x_wconf 86' lang='lat' dir='ltr'><strong>urentis</strong></span> <span class='ocrx_word' id='word_1_158' title='bbox 585 1865 699 1924; x_wconf 84' lang='lat' dir='ltr'><strong>urticae</strong></span> <span class='ocrx_word' id='word_1_159' title='bbox 722 1867 752 1923; x_wconf 89' lang='lat' dir='ltr'><strong>et</strong></span> <span class='ocrx_word' id='word_1_160' title='bbox 775 1865 854 1924; x_wconf 89' lang='lat' dir='ltr'><strong>calor</strong></span> <span class='ocrx_word' id='word_1_161' title='bbox 877 1865 1020 1924; x_wconf 75' lang='lat' dir='ltr'><strong>domnolec&#39;</strong></span> <span class='ocrx_word' id='word_1_162' title='bbox 1042 1883 1109 1924; x_wconf 90' lang='lat' dir='ltr'><strong>oon·</strong></span> 
     </span>
     <span class='ocr_line' id='line_1_20' title="bbox 93 1952 1111 2030; baseline -0.003 -17"><span class='ocrx_word' id='word_1_163' title='bbox 93 1954 213 2014; x_wconf 88' lang='lat' dir='ltr'><strong>strictas</strong></span> <span class='ocrx_word' id='word_1_164' title='bbox 236 1970 324 2013; x_wconf 84' lang='lat' dir='ltr'><strong>venas</strong></span> <span class='ocrx_word' id='word_1_165' title='bbox 347 1952 474 2029; x_wconf 83' lang='lat' dir='ltr'><strong>pectoris</strong></span> <span class='ocrx_word' id='word_1_166' title='bbox 497 1955 528 2012; x_wconf 91' lang='lat' dir='ltr'><strong>et</strong></span> <span class='ocrx_word' id='word_1_167' title='bbox 549 1955 717 2029; x_wconf 85' lang='lat' dir='ltr'><strong>temporum</strong></span> <span class='ocrx_word' id='word_1_168' title='bbox 741 1954 857 2029; x_wconf 87' lang='lat' dir='ltr'><strong>excitat,</strong></span> <span class='ocrx_word' id='word_1_169' title='bbox 886 1972 961 2030; x_wconf 88' lang='lat' dir='ltr'><strong>qnae</strong></span> <span class='ocrx_word' id='word_1_170' title='bbox 985 1953 1111 2030; x_wconf 82' lang='lat' dir='ltr'><strong>evigili</strong></span> 
     </span>
    </p>

    <p class='ocr_par' dir='ltr' id='par_1_4' title="bbox 12 2042 1153 3366">
     <span class='ocr_line' id='line_1_21' title="bbox 91 2042 1152 2118; baseline 0.001 -15"><span class='ocrx_word' id='word_1_171' title='bbox 91 2061 181 2103; x_wconf 87' lang='lat' dir='ltr'><strong>sensu</strong></span> <span class='ocrx_word' id='word_1_172' title='bbox 204 2043 392 2118; x_wconf 87' lang='lat' dir='ltr'><strong>aliquantum</strong></span> <span class='ocrx_word' id='word_1_173' title='bbox 416 2042 586 2102; x_wconf 89' lang='lat' dir='ltr'><strong>dormitant.</strong></span> <span class='ocrx_word' id='word_1_174' title='bbox 1124 2059 1152 2104; x_wconf 77' lang='lat' dir='ltr'><strong>ao</strong></span> 
     </span>
     <span class='ocr_line' id='line_1_22' title="bbox 12 2119 1112 2208; baseline 0 -17"><span class='ocrx_word' id='word_1_175' title='bbox 12 2119 14 2128; x_wconf 63' lang='grc'>’</span> <span class='ocrx_word' id='word_1_176' title='bbox 160 2132 206 2192; x_wconf 85' lang='lat' dir='ltr'><strong>De</strong></span> <span class='ocrx_word' id='word_1_177' title='bbox 232 2131 374 2205; x_wconf 68' lang='lat' dir='ltr'><strong>simpatia.</strong></span> <span class='ocrx_word' id='word_1_178' title='bbox 432 2130 489 2199; x_wconf 84' lang='lat' dir='ltr'><strong>Qui</strong></span> <span class='ocrx_word' id='word_1_179' title='bbox 522 2131 689 2208; x_wconf 82' lang='lat' dir='ltr'><strong>singultum</strong></span> <span class='ocrx_word' id='word_1_180' title='bbox 721 2133 843 2208; x_wconf 85' lang='lat' dir='ltr'><strong>patitur,</strong></span> <span class='ocrx_word' id='word_1_181' title='bbox 878 2132 1043 2208; x_wconf 87' lang='lat' dir='ltr'><strong>plurimum</strong></span> <span class='ocrx_word' id='word_1_182' title='bbox 1077 2132 1112 2191; x_wconf 89' lang='lat' dir='ltr'><strong>de</strong></span> 
     </span>
     <span class='ocr_line' id='line_1_23' title="bbox 91 2219 1112 2298; baseline -0.001 -18"><span class='ocrx_word' id='word_1_183' title='bbox 91 2221 237 2282; x_wconf 83' lang='lat' dir='ltr'><strong>zuccharo</strong></span> <span class='ocrx_word' id='word_1_184' title='bbox 253 2219 379 2295; x_wconf 90' lang='lat' dir='ltr'><strong>accipiat</strong></span> <span class='ocrx_word' id='word_1_185' title='bbox 398 2223 429 2279; x_wconf 92' lang='lat' dir='ltr'><strong>et</strong></span> <span class='ocrx_word' id='word_1_186' title='bbox 443 2220 521 2279; x_wconf 90' lang='lat' dir='ltr'><strong>illud</strong></span> <span class='ocrx_word' id='word_1_187' title='bbox 542 2220 571 2278; x_wconf 91' lang='lat' dir='ltr'><strong>in</strong></span> <span class='ocrx_word' id='word_1_188' title='bbox 596 2220 691 2279; x_wconf 85' lang='lat' dir='ltr'><strong>calida</strong></span> <span class='ocrx_word' id='word_1_189' title='bbox 707 2240 786 2298; x_wconf 91' lang='lat' dir='ltr'><strong>aqua</strong></span> <span class='ocrx_word' id='word_1_190' title='bbox 801 2221 943 2281; x_wconf 84' lang='lat' dir='ltr'><strong>dissolvat</strong></span> <span class='ocrx_word' id='word_1_191' title='bbox 957 2226 989 2280; x_wconf 87' lang='lat' dir='ltr'><strong>et</strong></span> <span class='ocrx_word' id='word_1_192' title='bbox 1003 2239 1112 2297; x_wconf 87' lang='lat' dir='ltr'><strong>aquam</strong></span> 
     </span>
     <span class='ocr_line' id='line_1_24' title="bbox 89 2308 1112 2385; baseline 0 -16"><span class='ocrx_word' id='word_1_193' title='bbox 89 2311 168 2369; x_wconf 89' lang='lat' dir='ltr'><strong>hanc</strong></span> <span class='ocrx_word' id='word_1_194' title='bbox 191 2309 318 2369; x_wconf 88' lang='lat' dir='ltr'><strong>calidam</strong></span> <span class='ocrx_word' id='word_1_195' title='bbox 342 2308 434 2384; x_wconf 87' lang='lat' dir='ltr'><strong>bibat,</strong></span> <span class='ocrx_word' id='word_1_196' title='bbox 462 2310 603 2385; x_wconf 87' lang='lat' dir='ltr'><strong>quoniam</strong></span> <span class='ocrx_word' id='word_1_197' title='bbox 627 2310 708 2370; x_wconf 85' lang='lat' dir='ltr'><strong>calor</strong></span> <span class='ocrx_word' id='word_1_198' title='bbox 734 2311 849 2369; x_wconf 82' lang='lat' dir='ltr'><strong>zuccari</strong></span> <span class='ocrx_word' id='word_1_199' title='bbox 873 2329 941 2370; x_wconf 90' lang='lat' dir='ltr'><strong>cnm</strong></span> <span class='ocrx_word' id='word_1_200' title='bbox 964 2312 1112 2370; x_wconf 85' lang='lat' dir='ltr'><strong>suavitate</strong></span> 
     </span>
     <span class='ocr_line' id='line_1_25' title="bbox 92 2398 1112 2476; baseline -0.001 -17"><span class='ocrx_word' id='word_1_201' title='bbox 92 2399 252 2459; x_wconf 83' lang='lat' dir='ltr'><strong>calefactae</strong></span> <span class='ocrx_word' id='word_1_202' title='bbox 276 2417 369 2473; x_wconf 87' lang='lat' dir='ltr'><strong>aquae</strong></span> <span class='ocrx_word' id='word_1_203' title='bbox 393 2398 571 2469; x_wconf 81' lang='lat' dir='ltr'><strong>ariditatem,</strong></span> <span class='ocrx_word' id='word_1_204' title='bbox 594 2417 685 2475; x_wconf 90' lang='lat' dir='ltr'><strong>quam</strong></span> <span class='ocrx_word' id='word_1_205' title='bbox 707 2400 805 2476; x_wconf 85' lang='lat' dir='ltr'><strong>frigus</strong></span> <span class='ocrx_word' id='word_1_206' title='bbox 828 2400 977 2476; x_wconf 82' lang='lat' dir='ltr'><strong>singultus</strong></span> <span class='ocrx_word' id='word_1_207' title='bbox 999 2400 1112 2458; x_wconf 88' lang='lat' dir='ltr'><strong>homini</strong></span> 
     </span>
     <span class='ocr_line' id='line_1_26' title="bbox 91 2488 1153 2565; baseline 0.002 -17"><span class='ocrx_word' id='word_1_208' title='bbox 91 2488 195 2560; x_wconf 84' lang='lat' dir='ltr'><strong>infert,</strong></span> <span class='ocrx_word' id='word_1_209' title='bbox 220 2488 379 2560; x_wconf 86' lang='lat' dir='ltr'><strong>humectat,</strong></span> <span class='ocrx_word' id='word_1_210' title='bbox 403 2488 596 2562; x_wconf 88' lang='lat' dir='ltr'><strong>quodetiam</strong></span> <span class='ocrx_word' id='word_1_211' title='bbox 620 2488 715 2546; x_wconf 90' lang='lat' dir='ltr'><strong>calida</strong></span> <span class='ocrx_word' id='word_1_212' title='bbox 738 2508 816 2565; x_wconf 88' lang='lat' dir='ltr'><strong>aqua</strong></span> <span class='ocrx_word' id='word_1_213' title='bbox 835 2489 1002 2549; x_wconf 89' lang='lat' dir='ltr'><strong>infirmitati</strong></span> <span class='ocrx_word' id='word_1_214' title='bbox 1018 2489 1112 2565; x_wconf 84' lang='lat' dir='ltr'><strong>magis</strong></span> <span class='ocrx_word' id='word_1_215' title='bbox 1125 2505 1153 2550; x_wconf 75' lang='lat' dir='ltr'><strong>aa</strong></span> 
     </span>
     <span class='ocr_line' id='line_1_27' title="bbox 92 2577 1110 2654; baseline -0.003 -17"><span class='ocrx_word' id='word_1_216' title='bbox 92 2577 234 2637; x_wconf 86' lang='lat' dir='ltr'><strong>convenit</strong></span> <span class='ocrx_word' id='word_1_217' title='bbox 258 2595 347 2652; x_wconf 89' lang='lat' dir='ltr'><strong>quam</strong></span> <span class='ocrx_word' id='word_1_218' title='bbox 370 2577 482 2652; x_wconf 89' lang='lat' dir='ltr'><strong>vinum,</strong></span> <span class='ocrx_word' id='word_1_219' title='bbox 505 2577 646 2654; x_wconf 87' lang='lat' dir='ltr'><strong>quoniam</strong></span> <span class='ocrx_word' id='word_1_220' title='bbox 670 2596 749 2652; x_wconf 89' lang='lat' dir='ltr'><strong>aqua</strong></span> <span class='ocrx_word' id='word_1_221' title='bbox 770 2577 841 2637; x_wconf 88' lang='lat' dir='ltr'><strong>haec</strong></span> <span class='ocrx_word' id='word_1_222' title='bbox 864 2578 963 2637; x_wconf 84' lang='lat' dir='ltr'><strong>suevis</strong></span> <span class='ocrx_word' id='word_1_223' title='bbox 987 2581 1044 2653; x_wconf 84' lang='lat' dir='ltr'><strong>est,</strong></span> <span class='ocrx_word' id='word_1_224' title='bbox 1067 2578 1110 2636; x_wconf 86' lang='lat' dir='ltr'><strong>vi-</strong></span> 
     </span>
     <span class='ocr_line' id='line_1_28' title="bbox 91 2664 1114 2729; baseline -0.002 -3"><span class='ocrx_word' id='word_1_225' title='bbox 91 2687 166 2726; x_wconf 89' lang='lat' dir='ltr'><strong>num</strong></span> <span class='ocrx_word' id='word_1_226' title='bbox 195 2668 295 2725; x_wconf 86' lang='lat' dir='ltr'><strong>autem</strong></span> <span class='ocrx_word' id='word_1_227' title='bbox 319 2666 408 2729; x_wconf 81' lang='lat' dir='ltr'><strong>forte.</strong></span> <span class='ocrx_word' id='word_1_228' title='bbox 451 2664 508 2725; x_wconf 84' lang='lat' dir='ltr'><strong>Sed</strong></span> <span class='ocrx_word' id='word_1_229' title='bbox 536 2670 566 2725; x_wconf 89' lang='lat' dir='ltr'><strong>at</strong></span> <span class='ocrx_word' id='word_1_230' title='bbox 595 2667 705 2726; x_wconf 89' lang='lat' dir='ltr'><strong>siccum</strong></span> <span class='ocrx_word' id='word_1_231' title='bbox 728 2667 903 2728; x_wconf 85' lang='lat' dir='ltr'><strong>zuccharum</strong></span> <span class='ocrx_word' id='word_1_232' title='bbox 928 2668 1061 2726; x_wconf 88' lang='lat' dir='ltr'><strong>comedat</strong></span> <span class='ocrx_word' id='word_1_233' title='bbox 1084 2669 1114 2725; x_wconf 89' lang='lat' dir='ltr'><strong>et</strong></span> 
     </span>
     <span class='ocr_line' id='line_1_29' title="bbox 92 2749 1112 2833; baseline 0 -19"><span class='ocrx_word' id='word_1_234' title='bbox 92 2749 298 2833; x_wconf 80' lang='lat' dir='ltr'><strong>²)gariofilnm</strong></span> <span class='ocrx_word' id='word_1_235' title='bbox 321 2754 438 2814; x_wconf 89' lang='lat' dir='ltr'><strong>ieiunus</strong></span> <span class='ocrx_word' id='word_1_236' title='bbox 460 2754 633 2832; x_wconf 84' lang='lat' dir='ltr'><strong>frequenter</strong></span> <span class='ocrx_word' id='word_1_237' title='bbox 649 2754 814 2831; x_wconf 85' lang='lat' dir='ltr'><strong>manducet,</strong></span> <span class='ocrx_word' id='word_1_238' title='bbox 838 2756 888 2815; x_wconf 87' lang='lat' dir='ltr'><strong>sed</strong></span> <span class='ocrx_word' id='word_1_239' title='bbox 903 2757 1009 2816; x_wconf 76' lang='lat' dir='ltr'><strong>zitwar</strong></span> <span class='ocrx_word' id='word_1_240' title='bbox 1023 2775 1112 2832; x_wconf 87' lang='lat' dir='ltr'><strong>pran-</strong></span> 
     </span>
     <span class='ocr_line' id='line_1_30' title="bbox 93 2843 1113 2922; baseline 0 -18"><span class='ocrx_word' id='word_1_241' title='bbox 93 2863 145 2904; x_wconf 89' lang='lat' dir='ltr'><strong>sus</strong></span> <span class='ocrx_word' id='word_1_242' title='bbox 169 2845 340 2920; x_wconf 88' lang='lat' dir='ltr'><strong>frequenter</strong></span> <span class='ocrx_word' id='word_1_243' title='bbox 363 2843 497 2904; x_wconf 88' lang='lat' dir='ltr'><strong>comedat</strong></span> <span class='ocrx_word' id='word_1_244' title='bbox 520 2847 550 2904; x_wconf 90' lang='lat' dir='ltr'><strong>et</strong></span> <span class='ocrx_word' id='word_1_245' title='bbox 571 2844 626 2904; x_wconf 90' lang='lat' dir='ltr'><strong>hoc</strong></span> <span class='ocrx_word' id='word_1_246' title='bbox 654 2845 743 2904; x_wconf 91' lang='lat' dir='ltr'><strong>etiam</strong></span> <span class='ocrx_word' id='word_1_247' title='bbox 773 2864 827 2922; x_wconf 86' lang='lat' dir='ltr'><strong>per</strong></span> <span class='ocrx_word' id='word_1_248' title='bbox 858 2864 986 2905; x_wconf 89' lang='lat' dir='ltr'><strong>mensem</strong></span> <span class='ocrx_word' id='word_1_249' title='bbox 1018 2865 1113 2904; x_wconf 90' lang='lat' dir='ltr'><strong>unum</strong></span> 
     </span>
     <span class='ocr_line' id='line_1_31' title="bbox 91 2930 1153 3009; baseline 0 -16"><span class='ocrx_word' id='word_1_250' title='bbox 91 2934 194 2998; x_wconf 79' lang='lat' dir='ltr'><strong>faciat.</strong></span> <span class='ocrx_word' id='word_1_251' title='bbox 231 2930 306 2992; x_wconf 89' lang='lat' dir='ltr'><strong>Nam</strong></span> <span class='ocrx_word' id='word_1_252' title='bbox 322 2933 500 2993; x_wconf 84' lang='lat' dir='ltr'><strong>zuccharum</strong></span> <span class='ocrx_word' id='word_1_253' title='bbox 513 2933 677 2993; x_wconf 87' lang='lat' dir='ltr'><strong>siccitatem</strong></span> <span class='ocrx_word' id='word_1_254' title='bbox 698 2934 827 2995; x_wconf 89' lang='lat' dir='ltr'><strong>eiusdem</strong></span> <span class='ocrx_word' id='word_1_255' title='bbox 851 2935 978 2995; x_wconf 90' lang='lat' dir='ltr'><strong>hominis</strong></span> <span class='ocrx_word' id='word_1_256' title='bbox 993 2935 1111 3009; x_wconf 78' lang='lat' dir='ltr'><strong>minuit,</strong></span> <span class='ocrx_word' id='word_1_257' title='bbox 1125 2947 1153 2993; x_wconf 83' lang='lat' dir='ltr'><strong>eo</strong></span> 
     </span>
     <span class='ocr_line' id='line_1_32' title="bbox 92 3022 1104 3099; baseline 0 -17"><span class='ocrx_word' id='word_1_258' title='bbox 92 3024 175 3082; x_wconf 89' lang='lat' dir='ltr'><strong>calor</strong></span> <span class='ocrx_word' id='word_1_259' title='bbox 202 3040 321 3098; x_wconf 88' lang='lat' dir='ltr'><strong>quoque</strong></span> <span class='ocrx_word' id='word_1_260' title='bbox 348 3022 486 3099; x_wconf 79' lang='lat' dir='ltr'><strong>gariofili,</strong></span> <span class='ocrx_word' id='word_1_261' title='bbox 515 3041 583 3082; x_wconf 88' lang='lat' dir='ltr'><strong>cum</strong></span> <span class='ocrx_word' id='word_1_262' title='bbox 610 3023 689 3082; x_wconf 92' lang='lat' dir='ltr'><strong>idem</strong></span> <span class='ocrx_word' id='word_1_263' title='bbox 717 3023 805 3083; x_wconf 94' lang='lat' dir='ltr'><strong>homo</strong></span> <span class='ocrx_word' id='word_1_264' title='bbox 833 3024 959 3099; x_wconf 87' lang='lat' dir='ltr'><strong>ieiunat,</strong></span> <span class='ocrx_word' id='word_1_265' title='bbox 994 3029 1104 3098; x_wconf 82' lang='lat' dir='ltr'><strong>(eum)</strong></span> 
     </span>
     <span class='ocr_line' id='line_1_33' title="bbox 91 3112 1113 3188; baseline 0.003 -16"><span class='ocrx_word' id='word_1_266' title='bbox 91 3113 256 3188; x_wconf 76' lang='lat' dir='ltr'><strong>pertransit</strong></span> <span class='ocrx_word' id='word_1_267' title='bbox 278 3115 307 3171; x_wconf 86' lang='lat' dir='ltr'><strong>et</strong></span> <span class='ocrx_word' id='word_1_268' title='bbox 330 3112 460 3170; x_wconf 89' lang='lat' dir='ltr'><strong>calidum</strong></span> <span class='ocrx_word' id='word_1_269' title='bbox 482 3112 562 3183; x_wconf 85' lang='lat' dir='ltr'><strong>facit,</strong></span> <span class='ocrx_word' id='word_1_270' title='bbox 606 3113 728 3187; x_wconf 82' lang='lat' dir='ltr'><strong>(calor)</strong></span> <span class='ocrx_word' id='word_1_271' title='bbox 759 3115 859 3173; x_wconf 89' lang='lat' dir='ltr'><strong>antem</strong></span> <span class='ocrx_word' id='word_1_272' title='bbox 880 3115 1005 3174; x_wconf 74' lang='lat' dir='ltr'><strong>cilcario</strong></span> <span class='ocrx_word' id='word_1_273' title='bbox 1025 3114 1113 3175; x_wconf 80' lang='lat' dir='ltr'><strong>fortis</strong></span> 
     </span>
     <span class='ocr_line' id='line_1_34' title="bbox 93 3200 1112 3278; baseline 0.003 -18"><span class='ocrx_word' id='word_1_274' title='bbox 93 3205 139 3260; x_wconf 87' lang='lat' dir='ltr'><strong>est</strong></span> <span class='ocrx_word' id='word_1_275' title='bbox 161 3203 191 3260; x_wconf 87' lang='lat' dir='ltr'><strong>et</strong></span> <span class='ocrx_word' id='word_1_276' title='bbox 214 3200 311 3277; x_wconf 82' lang='lat' dir='ltr'><strong>frigus</strong></span> <span class='ocrx_word' id='word_1_277' title='bbox 334 3201 484 3277; x_wconf 85' lang='lat' dir='ltr'><strong>praefatae</strong></span> <span class='ocrx_word' id='word_1_278' title='bbox 506 3200 597 3277; x_wconf 88' lang='lat' dir='ltr'><strong>pestis</strong></span> <span class='ocrx_word' id='word_1_279' title='bbox 621 3201 757 3278; x_wconf 87' lang='lat' dir='ltr'><strong>depellit;</strong></span> <span class='ocrx_word' id='word_1_280' title='bbox 781 3203 856 3261; x_wconf 92' lang='lat' dir='ltr'><strong>etin</strong></span> <span class='ocrx_word' id='word_1_281' title='bbox 871 3221 978 3277; x_wconf 87' lang='lat' dir='ltr'><strong>pranso</strong></span> <span class='ocrx_word' id='word_1_282' title='bbox 993 3202 1112 3263; x_wconf 89' lang='lat' dir='ltr'><strong>homine</strong></span> 
     </span>
     <span class='ocr_line' id='line_1_35' title="bbox 92 3290 1112 3366; baseline 0.003 -18"><span class='ocrx_word' id='word_1_283' title='bbox 92 3291 149 3350; x_wconf 92' lang='lat' dir='ltr'><strong>hoc</strong></span> <span class='ocrx_word' id='word_1_284' title='bbox 175 3290 256 3365; x_wconf 86' lang='lat' dir='ltr'><strong>facit,</strong></span> <span class='ocrx_word' id='word_1_285' title='bbox 290 3290 439 3365; x_wconf 87' lang='lat' dir='ltr'><strong>quoniam,</strong></span> <span class='ocrx_word' id='word_1_286' title='bbox 474 3290 500 3349; x_wconf 89' lang='lat' dir='ltr'><strong>si</strong></span> <span class='ocrx_word' id='word_1_287' title='bbox 533 3290 651 3349; x_wconf 88' lang='lat' dir='ltr'><strong>ieiunus</strong></span> <span class='ocrx_word' id='word_1_288' title='bbox 685 3295 769 3366; x_wconf 85' lang='lat' dir='ltr'><strong>esset,</strong></span> <span class='ocrx_word' id='word_1_289' title='bbox 804 3291 953 3350; x_wconf 88' lang='lat' dir='ltr'><strong>fortitudo</strong></span> <span class='ocrx_word' id='word_1_290' title='bbox 983 3291 1112 3351; x_wconf 87' lang='lat' dir='ltr'><strong>eiusdem</strong></span> 
     </span>
    </p>
   </div>
   <div class='ocr_carea' id='block_1_3' title="bbox 93 3495 1114 3642">
    <p class='ocr_par' dir='ltr' id='par_1_5' title="bbox 93 3495 1114 3642">
     <span class='ocr_line' id='line_1_36' title="bbox 169 3495 1114 3568; baseline -0.002 -13"><span class='ocrx_word' id='word_1_291' title='bbox 169 3499 189 3567; x_wconf 78' lang='lat'><strong>1)</strong></span> <span class='ocrx_word' id='word_1_292' title='bbox 208 3519 233 3554; x_wconf 84' lang='lat' dir='ltr'><strong>v.</strong></span> <span class='ocrx_word' id='word_1_293' title='bbox 249 3500 354 3555; x_wconf 86' lang='grc'><strong>13-17</strong></span> <span class='ocrx_word' id='word_1_294' title='bbox 367 3522 402 3544; x_wconf 96' lang='lat'>=</span> <span class='ocrx_word' id='word_1_295' title='bbox 419 3497 515 3568; x_wconf 83' lang='lat' dir='ltr'><strong>Migne</strong></span> <span class='ocrx_word' id='word_1_296' title='bbox 530 3498 598 3552; x_wconf 83' lang='grc'><strong>1169</strong></span> <span class='ocrx_word' id='word_1_297' title='bbox 612 3498 708 3562; x_wconf 79' lang='grc' dir='ltr'>Δ-Β;</span> <span class='ocrx_word' id='word_1_298' title='bbox 728 3517 754 3553; x_wconf 87' lang='lat' dir='ltr'><strong>v.</strong></span> <span class='ocrx_word' id='word_1_299' title='bbox 767 3515 794 3568; x_wconf 85' lang='lat' dir='ltr'><strong>p.</strong></span> <span class='ocrx_word' id='word_1_300' title='bbox 808 3497 869 3551; x_wconf 84' lang='lat'>219.</span> <span class='ocrx_word' id='word_1_301' title='bbox 885 3528 918 3537; x_wconf 96' lang='lat'><em>-</em></span> <span class='ocrx_word' id='word_1_302' title='bbox 933 3495 957 3567; x_wconf 80' lang='lat'><strong>2)</strong></span> <span class='ocrx_word' id='word_1_303' title='bbox 969 3516 994 3551; x_wconf 86' lang='lat' dir='ltr'><strong>v.</strong></span> <span class='ocrx_word' id='word_1_304' title='bbox 1007 3497 1114 3554; x_wconf 79' lang='lat'><strong>27—30</strong></span> 
     </span>
     <span class='ocr_line' id='line_1_37' title="bbox 93 3570 380 3642; baseline -0.007 -17"><span class='ocrx_word' id='word_1_305' title='bbox 93 3595 130 3618; x_wconf 91' lang='lat'>=</span> <span class='ocrx_word' id='word_1_306' title='bbox 146 3571 242 3642; x_wconf 74' lang='lat' dir='ltr'><strong>Migne</strong></span> <span class='ocrx_word' id='word_1_307' title='bbox 263 3571 330 3624; x_wconf 76' lang='lat'>1141</span> <span class='ocrx_word' id='word_1_308' title='bbox 352 3570 380 3624; x_wconf 82' lang='grc'><strong>0.</strong></span> 
     </span>
    </p>
   </div>
   <div class='ocr_carea' id='block_1_4' title="bbox 951 3656 1006 3710">
    <p class='ocr_par' dir='ltr' id='par_1_6' title="bbox 951 3656 1006 3710">
     <span class='ocr_line' id='line_1_38' title="bbox 951 3656 1006 3710; baseline 0 0"><span class='ocrx_word' id='word_1_309' title='bbox 951 3656 1006 3710; x_wconf 80' lang='grc'><strong>13*</strong></span> 
     </span>
    </p>
   </div>
   <div class='ocr_carea' id='block_1_5' title="bbox 0 0 1340 3924">
    <p class='ocr_par' dir='ltr' id='par_1_7' title="bbox 0 0 1340 3924">
     <span class='ocr_line' id='line_1_39' title="bbox 0 0 1340 3924; baseline 0 0"><span class='ocrx_word' id='word_1_310' title='bbox 0 0 1340 3924; x_wconf 95' lang='lat' dir='ltr'><strong> </strong></span> 
     </span>
    </p>
   </div>
  </div>
 </body>
</html>
