2668 3924
186 214 249 274 164
571 204 817 260 HILDEGARDIS

184 393 275 453 etiam
298 389 453 469 usquead
475 390 594 449 tertiam
616 389 665 449 vel
687 389 824 466 quintam
847 390 895 451 vel
917 391 1074 467 septimam
1088 391 1137 450 vel
1151 393 1208 450 tri·
1329 361 1330 368 ἵ

185 482 324 542 cesimam
345 482 442 540 lucem
464 479 511 539 vel
535 478 573 537 ad
595 479 696 555 plures
728 479 777 537 vel
806 478 844 537 ed
874 480 1029 555 pauciores
1063 480 1136 556 dice,
1169 485 1209 540 ut

185 569 370 648 praedictum
393 572 444 642 cst,
469 568 542 626 dum
563 568 674 628 iterum
697 568 814 642 sentiat,
838 567 920 644 quod
939 587 993 645 per
1012 569 1141 646 gratiam
1156 569 1208 629 dei

185 661 264 719 vires
287 659 325 718 ad
347 657 573 718 refocillandum
597 675 705 732 corpus
728 657 858 733 recipere
873 658 975 732 possit.
1020 657 1099 717 Etsi
1114 658 1207 718 homo
1330 666 1331 720 l

157 750 235 808 cille
264 747 301 806 ed
331 747 489 807 sanitatem
522 747 654 822 corporis
685 749 884 822 perventurus
916 749 968 822 est,
998 749 1071 806 tuno
1102 751 1208 823 postea
1330 761 1331 770 ¹

184 839 281 898 lenius
303 835 422 909 dolebit,
447 855 538 912 quem
560 835 645 911 prius
668 835 791 910 fecisset,
817 836 956 912 qnoniam
978 835 1126 912 humores,
1151 839 1208 914 qui

184 927 214 986 in
248 945 282 986 ec
316 927 401 1002 prins
435 926 566 997 fuerunt,
600 943 654 1000 per
686 925 817 999 priorem
851 925 991 984 sudorem
1013 925 1206 1002 aliquantum

179 1017 273 1076 'modo
296 1015 436 1075 minorati
458 1018 536 1076 sunt.
583 1013 670 1085 Quod
692 1013 717 1072 si
740 1012 838 1072 anime
860 1014 951 1073 tantis
973 1013 1151 1075 humoribus
1174 1021 1208 1076 et

183 1105 330 1164 livoribus
352 1104 468 1164 irretito
492 1106 543 1177 est,
575 1102 656 1179 quod
688 1120 736 1161 eos
767 1102 803 1162 de
826 1121 948 1178 corpore
970 1102 1098 1162 hominis
1120 1104 1206 1164 illius

148 1204 176 1250 ιο
188 1197 324 1255 excutere
347 1213 406 1253 non
428 1193 516 1267 valet,
539 1192 584 1250 ite
606 1192 687 1266 quod
710 1209 762 1251 nec
785 1192 914 1268 gratiam
937 1192 986 1251 dei
1008 1192 1065 1252 sibi
1089 1192 1126 1251 ed
1147 1192 1208 1253 hoo

185 1284 284 1344 adesse
307 1282 438 1353 senserit,
462 1281 541 1341 victa
563 1279 730 1340 succumbit
752 1283 782 1340 et
804 1299 857 1356 per
870 1280 1016 1341 iudicium
1031 1281 1079 1340 dei
1095 1300 1207 1358 corpus

185 1373 302 1432 descrit

251 1461 297 1520 De
318 1463 414 1523 acum.
449 1457 524 1518 (lum
548 1477 618 1535 ergo
649 1457 738 1518 homo
776 1462 895 1518 ecutm
926 1458 1022 1534 hebet,
1054 1459 1206 1536 humores,

185 1551 238 1628 qui
261 1550 293 1608 in
316 1568 349 1608 eo
373 1552 452 1622 sunt,
474 1548 505 1606 in
527 1548 657 1607 multum
687 1549 836 1608 fervorem
859 1547 972 1608 ardoris
994 1550 1104 1608 mutati
1126 1555 1206 1625 sunt,

145 1650 171 1695 15
185 1643 215 1700 et
244 1640 344 1698 fervor
375 1636 535 1697 eorundem
565 1637 725 1696 humorum
756 1637 906 1697 bominem
938 1637 1026 1696 illum
1049 1637 1204 1698 comedere

184 1747 242 1788 non
265 1727 423 1804 permittit.
470 1725 527 1786 Sed
548 1745 621 1801 prae
643 1726 735 1785 nimia
756 1726 897 1798 siccitate,
922 1745 999 1803 quae
1021 1726 1135 1802 inipso
1151 1733 1205 1800 est,

184 1838 253 1878 eum
277 1816 314 1876 ad
337 1817 499 1877 bibendum
522 1816 681 1891 compellit,
704 1815 783 1875 unde
806 1835 914 1892 aquam
936 1814 1027 1887 bibat,
1050 1818 1087 1874 ut
1108 1817 1208 1877 lenius

184 1907 292 1968 doleat.
342 1906 507 1983 Postquam
536 1909 636 1964 autem
660 1907 746 1964 acuto
768 1905 859 1964 febris
882 1905 1031 1964 hominem
1053 1905 1207 1979 invaserit,

184 2016 244 2056 non
267 1999 311 2056 est
334 1997 360 2055 ci
383 1994 508 2070 salubre,
533 1998 569 2054 ut
590 1993 768 2054 medicinam
791 1994 917 2070 accipiet
939 1993 977 2052 sd
997 1994 1208 2069 depellendum

144 2094 173 2140 so
186 2106 259 2160 eam,
292 2084 374 2161 quod
404 2085 505 2160 ipsum
536 2087 609 2142 tunc
640 2102 735 2160 usque
766 2083 804 2142 ed
835 2082 975 2142 sudorem
996 2083 1125 2158 pleniter
1146 2103 1207 2145 non

187 2174 322 2234 dimittit.
368 2172 425 2232 Sed
456 2191 510 2248 pro
544 2175 663 2248 accepta
694 2172 840 2232 medicine
870 2175 955 2232 tanto
979 2171 1094 2231 diutins
1116 2175 1149 2232 in
1171 2193 1207 2234 eo

185 2264 261 2322 latet
288 2267 318 2322 et
346 2281 415 2322 eum
438 2265 522 2320 tento
544 2261 659 2320 diutius
680 2261 824 2320 infirmari
852 2261 933 2337 facit,
963 2262 1104 2336 quoniam
1127 2264 1208 2322 noxii

185 2352 325 2412 humores
349 2350 462 2410 abillo
486 2354 586 2426 aperte
610 2354 651 2422 et,
684 2352 720 2409 ut
741 2351 820 2410 iusto
844 2350 964 2426 debent,
997 2351 1113 2427 expulsi
1146 2371 1206 2411 non

186 2443 265 2502 sunt.
310 2440 417 2500 Febres
439 2443 540 2499 eutem
563 2439 715 2498 interdum
742 2443 795 2499 eut
821 2440 858 2499 de
889 2439 1047 2516 superfluis
1075 2439 1149 2500 cibis
1177 2443 1209 2501 et

143 2530 307 2606 nepotibus
331 2529 470 2589 oriuntur
500 2532 553 2587 aut
581 2528 618 2588 de
643 2528 735 2587 nimia
762 2529 940 2589 dormitione
966 2531 1020 2588 aut
1047 2528 1083 2588 de
1105 2528 1206 2589 toedio

185 2623 215 2680 et
237 2620 398 2694 otiositate,
422 2637 490 2678 cum
513 2617 601 2676 homo
626 2635 685 2677 non
709 2621 859 2691 operetur.

253 2709 298 2768 De
325 2707 460 2788 febribus
481 2707 680 2780 interpolatis,
726 2705 881 2766 Cotidiana
908 2707 1017 2766 etenim
1046 2706 1139 2767 febris
1171 2708 1207 2767 de

186 2798 392 2872 superfluitate
423 2815 525 2873 aquae,
558 2796 672 2856 scilicet
703 2797 860 2873 flegmate,
898 2796 980 2873 quod
1008 2799 1053 2855 est
1074 2815 1206 2872 spumae,

187 2886 285 2945 oritur
308 2890 338 2945 et
361 2887 396 2946 de
418 2885 567 2946 debilibus
593 2885 665 2945 cibis
689 2887 719 2944 et
743 2884 778 2944 de
802 2885 1006 2961 superfluitate
1029 2888 1120 2962 potus
1135 2887 1205 2948 vini.

145 2986 173 3032 ³0
187 2974 291 3034 Febris
307 2979 415 3050 autem,
439 2993 515 3050 quae
531 2974 659 3034 secunda
680 2974 728 3033 die
743 2973 893 3034 hominem
908 2974 1024 3051 fatigat,
1048 2975 1084 3034 de
1100 2992 1204 3050 snper·

186 3064 303 3124 fluitate
326 3064 415 3124 etde
438 3063 592 3123 debilitate
619 3063 703 3140 aeris,
733 3063 813 3140 quod
841 3066 886 3123 est
912 3062 1037 3139 humidi,
1065 3064 1206 3125 nescitur.

187 3153 326 3214 'tertiana
355 3171 426 3214 vero
450 3153 486 3212 dc
509 3153 714 3229 superfluitate
737 3152 816 3228 sicci,
842 3151 922 3230 quod
946 3156 991 3212 est
1012 3152 1099 3229 ignis,
1133 3171 1206 3212 cres·

188 3243 238 3317 cit,
262 3243 312 3302 sed
336 3246 482 3319 quartana
504 3242 540 3301 de
563 3242 767 3318 superfluitate
790 3242 979 3301 melancoliae
1002 3241 1109 3318 surgit.
1149 3240 1207 3300 Sed

188 3335 219 3392 et
241 3330 338 3404 homo,
362 3332 414 3407 qui
437 3331 542 3392 molles
565 3348 666 3390 cemes
688 3331 720 3388 in
735 3348 858 3406 corpore
874 3349 928 3390 suo
943 3330 1040 3402 hebet,
1063 3330 1107 3390 ita
1124 3330 1207 3407 quod

146 3429 175 3475 ³5
189 3420 281 3480 ctiam
303 3440 417 3498 spuma,
443 3440 519 3498 quse
542 3423 631 3480 tenax
653 3422 683 3478 et
704 3419 806 3494 tepida
829 3438 863 3478 oc
892 3419 996 3479 debilis
1023 3423 1076 3491 est,
1109 3421 1140 3478 in
1171 3438 1206 3479 ec

189 3509 440 3586 superhabundat,
464 3510 550 3570 facile
572 3527 686 3570 vermes
709 3509 741 3566 in
764 3527 850 3568 carne
874 3526 928 3568 sue
942 3507 1100 3571 contrahit.
1132 3507 1208 3568 Nam

190 3599 273 3676 quod
295 3617 363 3660 caro
386 3600 449 3660 eius
472 3599 570 3658 mollis
593 3601 638 3658 est
662 3599 692 3657 et
714 3617 822 3674 spuma
843 3599 874 3656 in
897 3617 931 3657 eo
947 3596 1051 3656 debilis
1066 3600 1097 3657 et
1110 3598 1207 3673 brar,
