<?xml version="1.0" encoding="UTF-8"?>
<!DOCTYPE html PUBLIC "-//W3C//DTD XHTML 1.0 Transitional//EN"
    "http://www.w3.org/TR/xhtml1/DTD/xhtml1-transitional.dtd">
<html xmlns="http://www.w3.org/1999/xhtml" xml:lang="en" lang="en">
 <head>
  <title>
</title>
<meta http-equiv="Content-Type" content="text/html;charset=utf-8" />
  <meta name='ocr-system' content='tesseract 3.04.00' />
  <meta name='ocr-capabilities' content='ocr_page ocr_carea ocr_par ocr_line ocrx_word'/>
</head>
<body>
  <div class='ocr_page' id='page_1' title='image "./hildegardiscaus00hildgoog_0024.png"; bbox 0 0 2680 3938; ppageno 0'>
   <div class='ocr_carea' id='block_1_1' title="bbox 403 174 1151 240">
    <p class='ocr_par' dir='ltr' id='par_1_1' title="bbox 403 174 1151 240">
     <span class='ocr_line' id='line_1_1' title="bbox 403 174 1151 240; baseline -0.004 -9"><span class='ocrx_word' id='word_1_1' title='bbox 403 174 545 231; x_wconf 76' lang='lat' dir='ltr'>CAUSAE</span> <span class='ocrx_word' id='word_1_2' title='bbox 563 174 610 232; x_wconf 79' lang='grc' dir='ltr'><strong>ΕΤ</strong></span> <span class='ocrx_word' id='word_1_3' title='bbox 629 175 751 232; x_wconf 73' lang='lat' dir='ltr'><strong>cusas</strong></span> <span class='ocrx_word' id='word_1_4' title='bbox 769 176 838 234; x_wconf 84' lang='lat' dir='ltr'><strong>LIB.</strong></span> <span class='ocrx_word' id='word_1_5' title='bbox 856 175 877 230; x_wconf 92' lang='lat' dir='ltr'><strong>I.</strong></span> <span class='ocrx_word' id='word_1_6' title='bbox 1110 179 1151 240; x_wconf 86' lang='lat'><strong>13</strong></span> 
     </span>
    </p>
   </div>
   <div class='ocr_carea' id='block_1_2' title="bbox 130 361 1193 3648">
    <p class='ocr_par' dir='ltr' id='par_1_2' title="bbox 130 361 1193 3648">
     <span class='ocr_line' id='line_1_2' title="bbox 131 361 1148 438; baseline -0.002 -16"><span class='ocrx_word' id='word_1_7' title='bbox 131 364 368 437; x_wconf 73' lang='lat' dir='ltr'><strong>murmurantes,</strong></span> <span class='ocrx_word' id='word_1_8' title='bbox 401 363 432 420; x_wconf 91' lang='lat' dir='ltr'><strong>et</strong></span> <span class='ocrx_word' id='word_1_9' title='bbox 455 361 500 420; x_wconf 91' lang='lat' dir='ltr'><strong>sol</strong></span> <span class='ocrx_word' id='word_1_10' title='bbox 522 364 608 438; x_wconf 88' lang='lat' dir='ltr'><strong>tune,</strong></span> <span class='ocrx_word' id='word_1_11' title='bbox 639 362 727 438; x_wconf 86' lang='lat' dir='ltr'><strong>quasi</strong></span> <span class='ocrx_word' id='word_1_12' title='bbox 752 361 898 421; x_wconf 83' lang='lat' dir='ltr'><strong>irascatur</strong></span> <span class='ocrx_word' id='word_1_13' title='bbox 925 362 1050 437; x_wconf 89' lang='lat' dir='ltr'><strong>propter</strong></span> <span class='ocrx_word' id='word_1_14' title='bbox 1072 361 1148 420; x_wconf 89' lang='lat' dir='ltr'><strong>diffi-</strong></span> 
     </span>
     <span class='ocr_line' id='line_1_3' title="bbox 132 449 1152 528; baseline -0.004 -16"><span class='ocrx_word' id='word_1_15' title='bbox 132 451 278 512; x_wconf 86' lang='lat' dir='ltr'><strong>cultatem</strong></span> <span class='ocrx_word' id='word_1_16' title='bbox 300 450 488 528; x_wconf 81' lang='lat' dir='ltr'>reversionis,</span> <span class='ocrx_word' id='word_1_17' title='bbox 517 451 650 510; x_wconf 89' lang='lat' dir='ltr'><strong>multum</strong></span> <span class='ocrx_word' id='word_1_18' title='bbox 673 452 789 509; x_wconf 87' lang='lat' dir='ltr'><strong>aestum</strong></span> <span class='ocrx_word' id='word_1_19' title='bbox 812 450 936 524; x_wconf 88' lang='lat' dir='ltr'><strong>emittit,</strong></span> <span class='ocrx_word' id='word_1_20' title='bbox 959 449 1004 509; x_wconf 79' lang='lat' dir='ltr'><strong>ita</strong></span> <span class='ocrx_word' id='word_1_21' title='bbox 1026 453 1062 510; x_wconf 94' lang='lat' dir='ltr'><strong>ut</strong></span> <span class='ocrx_word' id='word_1_22' title='bbox 1084 449 1152 509; x_wconf 89' lang='lat' dir='ltr'><strong>inde</strong></span> 
     </span>
     <span class='ocr_line' id='line_1_4' title="bbox 130 538 1153 618; baseline -0.001 -19"><span class='ocrx_word' id='word_1_23' title='bbox 130 541 258 618; x_wconf 81' lang='lat' dir='ltr'><strong>fulgure</strong></span> <span class='ocrx_word' id='word_1_24' title='bbox 272 543 304 600; x_wconf 89' lang='lat' dir='ltr'><strong>et</strong></span> <span class='ocrx_word' id='word_1_25' title='bbox 316 539 452 600; x_wconf 85' lang='lat' dir='ltr'><strong>tonitrua</strong></span> <span class='ocrx_word' id='word_1_26' title='bbox 468 542 581 615; x_wconf 87' lang='lat' dir='ltr'><strong>sonent,</strong></span> <span class='ocrx_word' id='word_1_27' title='bbox 598 541 740 617; x_wconf 92' lang='lat' dir='ltr'><strong>quoniam</strong></span> <span class='ocrx_word' id='word_1_28' title='bbox 755 538 793 598; x_wconf 90' lang='lat' dir='ltr'><strong>ad</strong></span> <span class='ocrx_word' id='word_1_29' title='bbox 808 539 979 600; x_wconf 76' lang='lat' dir='ltr'><strong>descensum</strong></span> <span class='ocrx_word' id='word_1_30' title='bbox 991 540 1153 599; x_wconf 88' lang='lat' dir='ltr'><strong>difficulter</strong></span> 
     </span>
     <span class='ocr_line' id='line_1_5' title="bbox 131 628 1152 706; baseline -0.004 -16"><span class='ocrx_word' id='word_1_31' title='bbox 131 629 272 693; x_wconf 86' lang='lat' dir='ltr'><strong>vertitur.</strong></span> <span class='ocrx_word' id='word_1_32' title='bbox 318 628 377 688; x_wconf 83' lang='lat' dir='ltr'><strong>Sed</strong></span> <span class='ocrx_word' id='word_1_33' title='bbox 400 648 470 689; x_wconf 92' lang='lat' dir='ltr'><strong>cum</strong></span> <span class='ocrx_word' id='word_1_34' title='bbox 493 630 532 688; x_wconf 90' lang='lat' dir='ltr'><strong>ad</strong></span> <span class='ocrx_word' id='word_1_35' title='bbox 555 629 675 705; x_wconf 83' lang='lat' dir='ltr'><strong>signum</strong></span> <span class='ocrx_word' id='word_1_36' title='bbox 696 628 824 706; x_wconf 86' lang='lat' dir='ltr'><strong>virginis</strong></span> <span class='ocrx_word' id='word_1_37' title='bbox 851 629 1032 705; x_wconf 90' lang='lat' dir='ltr'><strong>pervenerit,</strong></span> <span class='ocrx_word' id='word_1_38' title='bbox 1058 628 1102 688; x_wconf 94' lang='lat' dir='ltr'><strong>ibi</strong></span> <span class='ocrx_word' id='word_1_39' title='bbox 1125 629 1152 686; x_wconf 93' lang='lat' dir='ltr'><strong>ei</strong></span> 
     </span>
     <span class='ocr_line' id='line_1_6' title="bbox 131 717 1180 795; baseline -0.005 -17"><span class='ocrx_word' id='word_1_40' title='bbox 131 719 180 778; x_wconf 92' lang='lat' dir='ltr'><strong>illi</strong></span> <span class='ocrx_word' id='word_1_41' title='bbox 203 718 262 778; x_wconf 89' lang='lat' dir='ltr'><strong>duo</strong></span> <span class='ocrx_word' id='word_1_42' title='bbox 285 717 422 795; x_wconf 85' lang='lat' dir='ltr'><strong>planetae</strong></span> <span class='ocrx_word' id='word_1_43' title='bbox 447 720 617 794; x_wconf 85' lang='lat' dir='ltr'><strong>occurrunt,</strong></span> <span class='ocrx_word' id='word_1_44' title='bbox 642 718 694 794; x_wconf 92' lang='lat' dir='ltr'><strong>qui</strong></span> <span class='ocrx_word' id='word_1_45' title='bbox 716 719 748 776; x_wconf 90' lang='lat' dir='ltr'><strong>in</strong></span> <span class='ocrx_word' id='word_1_46' title='bbox 770 717 855 794; x_wconf 79' lang='lat' dir='ltr'><strong>signo</strong></span> <span class='ocrx_word' id='word_1_47' title='bbox 878 717 960 776; x_wconf 85' lang='lat' dir='ltr'><strong>tauri</strong></span> <span class='ocrx_word' id='word_1_48' title='bbox 983 719 1011 776; x_wconf 94' lang='lat' dir='ltr'><strong>ei</strong></span> <span class='ocrx_word' id='word_1_49' title='bbox 1033 717 1180 779; x_wconf 80' lang='lat' dir='ltr'><strong>obviams</strong></span> 
     </span>
     <span class='ocr_line' id='line_1_7' title="bbox 130 805 1152 883; baseline -0.003 -15"><span class='ocrx_word' id='word_1_50' title='bbox 130 810 285 881; x_wconf 70' lang='lat' dir='ltr'><strong>venerunt,</strong></span> <span class='ocrx_word' id='word_1_51' title='bbox 308 810 340 867; x_wconf 87' lang='lat' dir='ltr'><strong>et</strong></span> <span class='ocrx_word' id='word_1_52' title='bbox 361 811 435 868; x_wconf 86' lang='lat' dir='ltr'><strong>tunc</strong></span> <span class='ocrx_word' id='word_1_53' title='bbox 457 808 580 869; x_wconf 78' lang='lat' dir='ltr'><strong>suavius</strong></span> <span class='ocrx_word' id='word_1_54' title='bbox 603 811 634 867; x_wconf 91' lang='lat' dir='ltr'><strong>et</strong></span> <span class='ocrx_word' id='word_1_55' title='bbox 655 808 760 867; x_wconf 88' lang='lat' dir='ltr'><strong>mitius</strong></span> <span class='ocrx_word' id='word_1_56' title='bbox 782 806 901 876; x_wconf 78' lang='lat' dir='ltr'><strong>incedit</strong></span> <span class='ocrx_word' id='word_1_57' title='bbox 925 805 996 883; x_wconf 90' lang='lat' dir='ltr'><strong>quia</strong></span> <span class='ocrx_word' id='word_1_58' title='bbox 1018 808 1099 867; x_wconf 85' lang='lat' dir='ltr'><strong>calor</strong></span> <span class='ocrx_word' id='word_1_59' title='bbox 1120 809 1152 865; x_wconf 91' lang='lat' dir='ltr'><strong>et</strong></span> 
     </span>
     <span class='ocr_line' id='line_1_8' title="bbox 132 885 1161 976; baseline -0.002 -20"><span class='ocrx_word' id='word_1_60' title='bbox 132 896 277 956; x_wconf 75' lang='lat' dir='ltr'>acerbitas</span> <span class='ocrx_word' id='word_1_61' title='bbox 301 898 365 956; x_wconf 89' lang='lat' dir='ltr'><strong>eius</strong></span> <span class='ocrx_word' id='word_1_62' title='bbox 389 898 547 976; x_wconf 80' lang='lat' dir='ltr'><strong>mitigatur</strong></span> <span class='ocrx_word' id='word_1_63' title='bbox 569 897 631 954; x_wconf 89' lang='lat' dir='ltr'><strong>iam</strong></span> <span class='ocrx_word' id='word_1_64' title='bbox 652 899 734 956; x_wconf 86' lang='lat' dir='ltr'><strong>terra</strong></span> <span class='ocrx_word' id='word_1_65' title='bbox 756 896 875 955; x_wconf 90' lang='lat' dir='ltr'><strong>nullum</strong></span> <span class='ocrx_word' id='word_1_66' title='bbox 898 896 1031 955; x_wconf 84' lang='lat' dir='ltr'><strong>fructum</strong></span> <span class='ocrx_word' id='word_1_67' title='bbox 1055 885 1161 972; x_wconf 69' lang='lat' dir='ltr'><strong>profe·¹</strong></span> 
     </span>
     <span class='ocr_line' id='line_1_9' title="bbox 131 985 1152 1047; baseline -0.002 -2"><span class='ocrx_word' id='word_1_68' title='bbox 131 988 216 1045; x_wconf 87' lang='lat' dir='ltr'><strong>rente</strong></span> <span class='ocrx_word' id='word_1_69' title='bbox 249 986 300 1046; x_wconf 92' lang='lat' dir='ltr'><strong>sed</strong></span> <span class='ocrx_word' id='word_1_70' title='bbox 322 986 383 1046; x_wconf 82' lang='lat' dir='ltr'><strong>lere</strong></span> <span class='ocrx_word' id='word_1_71' title='bbox 410 987 442 1045; x_wconf 90' lang='lat' dir='ltr'><strong>in</strong></span> <span class='ocrx_word' id='word_1_72' title='bbox 472 986 666 1047; x_wconf 84' lang='lat' dir='ltr'><strong>delectatione</strong></span> <span class='ocrx_word' id='word_1_73' title='bbox 689 985 873 1045; x_wconf 71' lang='lat' dir='ltr'><strong>maturitatis</strong></span> <span class='ocrx_word' id='word_1_74' title='bbox 897 987 1004 1046; x_wconf 89' lang='lat' dir='ltr'><strong>stante.</strong></span> <span class='ocrx_word' id='word_1_75' title='bbox 1047 985 1088 1044; x_wconf 80' lang='lat' dir='ltr'><strong>Et</strong></span> <span class='ocrx_word' id='word_1_76' title='bbox 1109 985 1152 1044; x_wconf 90' lang='lat' dir='ltr'><strong>ita</strong></span> 
     </span>
     <span class='ocr_line' id='line_1_10' title="bbox 132 1074 1152 1154; baseline -0.001 -20"><span class='ocrx_word' id='word_1_77' title='bbox 132 1093 202 1134; x_wconf 90' lang='lat' dir='ltr'><strong>oum</strong></span> <span class='ocrx_word' id='word_1_78' title='bbox 226 1094 259 1135; x_wconf 91' lang='lat' dir='ltr'><strong>eo</strong></span> <span class='ocrx_word' id='word_1_79' title='bbox 281 1075 423 1136; x_wconf 89' lang='lat' dir='ltr'><strong>incedunt</strong></span> <span class='ocrx_word' id='word_1_80' title='bbox 452 1094 546 1152; x_wconf 90' lang='lat' dir='ltr'><strong>usque</strong></span> <span class='ocrx_word' id='word_1_81' title='bbox 575 1075 612 1134; x_wconf 88' lang='lat' dir='ltr'><strong>ad</strong></span> <span class='ocrx_word' id='word_1_82' title='bbox 642 1076 763 1154; x_wconf 82' lang='lat' dir='ltr'><strong>signum</strong></span> <span class='ocrx_word' id='word_1_83' title='bbox 789 1074 898 1146; x_wconf 83' lang='lat' dir='ltr'><strong>librae,</strong></span> <span class='ocrx_word' id='word_1_84' title='bbox 929 1074 983 1133; x_wconf 90' lang='lat' dir='ltr'><strong>ubi</strong></span> <span class='ocrx_word' id='word_1_85' title='bbox 1015 1074 1152 1133; x_wconf 80' lang='lat' dir='ltr'><strong>viriditas</strong></span> 
     </span>
     <span class='ocr_line' id='line_1_11' title="bbox 131 1162 1193 1241; baseline -0.006 -17"><span class='ocrx_word' id='word_1_86' title='bbox 131 1167 163 1224; x_wconf 92' lang='lat' dir='ltr'><strong>et</strong></span> <span class='ocrx_word' id='word_1_87' title='bbox 186 1164 307 1225; x_wconf 87' lang='lat' dir='ltr'><strong>ariditas</strong></span> <span class='ocrx_word' id='word_1_88' title='bbox 331 1165 418 1241; x_wconf 87' lang='lat' dir='ltr'><strong>quasi</strong></span> <span class='ocrx_word' id='word_1_89' title='bbox 440 1165 471 1224; x_wconf 88' lang='lat' dir='ltr'><strong>in</strong></span> <span class='ocrx_word' id='word_1_90' title='bbox 494 1165 571 1224; x_wconf 90' lang='lat' dir='ltr'><strong>libra</strong></span> <span class='ocrx_word' id='word_1_91' title='bbox 593 1167 671 1241; x_wconf 88' lang='lat' dir='ltr'><strong>sunt,</strong></span> <span class='ocrx_word' id='word_1_92' title='bbox 694 1165 738 1224; x_wconf 91' lang='lat' dir='ltr'><strong>ita</strong></span> <span class='ocrx_word' id='word_1_93' title='bbox 760 1163 841 1240; x_wconf 90' lang='lat' dir='ltr'><strong>quod</strong></span> <span class='ocrx_word' id='word_1_94' title='bbox 863 1162 1152 1224; x_wconf 61' lang='lat' dir='ltr'><strong>viriditassabsoedit</strong></span> <span class='ocrx_word' id='word_1_95' title='bbox 1167 1174 1193 1218; x_wconf 75' lang='grc' dir='ltr'><strong>ιο</strong></span> 
     </span>
     <span class='ocr_line' id='line_1_12' title="bbox 133 1252 1180 1328; baseline -0.001 -15"><span class='ocrx_word' id='word_1_96' title='bbox 133 1258 164 1313; x_wconf 91' lang='lat' dir='ltr'><strong>et</strong></span> <span class='ocrx_word' id='word_1_97' title='bbox 187 1253 311 1313; x_wconf 89' lang='lat' dir='ltr'><strong>ariditas</strong></span> <span class='ocrx_word' id='word_1_98' title='bbox 334 1253 456 1319; x_wconf 88' lang='lat' dir='ltr'><strong>accedit.</strong></span> <span class='ocrx_word' id='word_1_99' title='bbox 494 1254 534 1313; x_wconf 80' lang='lat' dir='ltr'><strong>Et</strong></span> <span class='ocrx_word' id='word_1_100' title='bbox 555 1254 599 1313; x_wconf 93' lang='lat' dir='ltr'><strong>ibi</strong></span> <span class='ocrx_word' id='word_1_101' title='bbox 621 1255 697 1314; x_wconf 86' lang='lat' dir='ltr'><strong>alter</strong></span> <span class='ocrx_word' id='word_1_102' title='bbox 721 1272 824 1313; x_wconf 89' lang='lat' dir='ltr'><strong>eorum</strong></span> <span class='ocrx_word' id='word_1_103' title='bbox 847 1252 941 1312; x_wconf 83' lang='lat' dir='ltr'><strong>altera</strong></span> <span class='ocrx_word' id='word_1_104' title='bbox 962 1255 1048 1328; x_wconf 87' lang='lat' dir='ltr'><strong>parte</strong></span> <span class='ocrx_word' id='word_1_105' title='bbox 1071 1253 1151 1327; x_wconf 89' lang='lat' dir='ltr'><strong>solis,</strong></span> <span class='ocrx_word' id='word_1_106' title='bbox 1178 1267 1180 1272; x_wconf 80' lang='grc'>’</span> 
     </span>
     <span class='ocr_line' id='line_1_13' title="bbox 132 1341 1152 1419; baseline -0.003 -17"><span class='ocrx_word' id='word_1_107' title='bbox 132 1344 210 1402; x_wconf 81' lang='lat' dir='ltr'><strong>alter</strong></span> <span class='ocrx_word' id='word_1_108' title='bbox 238 1343 332 1403; x_wconf 90' lang='lat' dir='ltr'><strong>altera</strong></span> <span class='ocrx_word' id='word_1_109' title='bbox 359 1346 444 1419; x_wconf 88' lang='lat' dir='ltr'><strong>parte</strong></span> <span class='ocrx_word' id='word_1_110' title='bbox 473 1343 535 1403; x_wconf 89' lang='lat' dir='ltr'><strong>eius</strong></span> <span class='ocrx_word' id='word_1_111' title='bbox 564 1342 679 1403; x_wconf 85' lang='lat' dir='ltr'><strong>vadunt</strong></span> <span class='ocrx_word' id='word_1_112' title='bbox 706 1361 736 1402; x_wconf 91' lang='lat' dir='ltr'><strong>se</strong></span> <span class='ocrx_word' id='word_1_113' title='bbox 763 1341 808 1402; x_wconf 91' lang='lat' dir='ltr'><strong>ita</strong></span> <span class='ocrx_word' id='word_1_114' title='bbox 839 1345 1020 1418; x_wconf 85' lang='lat' dir='ltr'><strong>separantes,</strong></span> <span class='ocrx_word' id='word_1_115' title='bbox 1054 1343 1091 1400; x_wconf 92' lang='lat' dir='ltr'><strong>ut</strong></span> <span class='ocrx_word' id='word_1_116' title='bbox 1120 1341 1152 1400; x_wconf 92' lang='lat' dir='ltr'><strong>in</strong></span> 
     </span>
     <span class='ocr_line' id='line_1_14' title="bbox 131 1430 1151 1510; baseline -0.003 -18"><span class='ocrx_word' id='word_1_117' title='bbox 131 1433 221 1509; x_wconf 81' lang='lat' dir='ltr'><strong>signo</strong></span> <span class='ocrx_word' id='word_1_118' title='bbox 251 1432 439 1510; x_wconf 85' lang='lat' dir='ltr'><strong>geminorum</strong></span> <span class='ocrx_word' id='word_1_119' title='bbox 467 1433 615 1505; x_wconf 89' lang='lat' dir='ltr'><strong>fecerunt,</strong></span> <span class='ocrx_word' id='word_1_120' title='bbox 647 1433 692 1492; x_wconf 87' lang='lat' dir='ltr'><strong>ite</strong></span> <span class='ocrx_word' id='word_1_121' title='bbox 723 1451 792 1492; x_wconf 90' lang='lat' dir='ltr'><strong>eum</strong></span> <span class='ocrx_word' id='word_1_122' title='bbox 819 1432 960 1491; x_wconf 87' lang='lat' dir='ltr'><strong>ducentes</strong></span> <span class='ocrx_word' id='word_1_123' title='bbox 989 1450 1085 1507; x_wconf 90' lang='lat' dir='ltr'><strong>usque</strong></span> <span class='ocrx_word' id='word_1_124' title='bbox 1113 1430 1151 1489; x_wconf 89' lang='lat' dir='ltr'><strong>ad</strong></span> 
     </span>
     <span class='ocr_line' id='line_1_15' title="bbox 133 1519 1152 1598; baseline -0.002 -18"><span class='ocrx_word' id='word_1_125' title='bbox 133 1521 255 1598; x_wconf 81' lang='lat' dir='ltr'><strong>signum</strong></span> <span class='ocrx_word' id='word_1_126' title='bbox 287 1522 463 1597; x_wconf 79' lang='lat' dir='ltr'><strong>scorpionis,</strong></span> <span class='ocrx_word' id='word_1_127' title='bbox 493 1524 524 1581; x_wconf 87' lang='lat' dir='ltr'><strong>et</strong></span> <span class='ocrx_word' id='word_1_128' title='bbox 550 1521 594 1582; x_wconf 90' lang='lat' dir='ltr'><strong>ibi</strong></span> <span class='ocrx_word' id='word_1_129' title='bbox 622 1522 699 1581; x_wconf 84' lang='lat' dir='ltr'><strong>alter</strong></span> <span class='ocrx_word' id='word_1_130' title='bbox 726 1539 831 1580; x_wconf 89' lang='lat' dir='ltr'><strong>eorum</strong></span> <span class='ocrx_word' id='word_1_131' title='bbox 853 1523 995 1583; x_wconf 91' lang='lat' dir='ltr'><strong>remanet.</strong></span> <span class='ocrx_word' id='word_1_132' title='bbox 1041 1519 1100 1579; x_wconf 83' lang='lat' dir='ltr'><strong>Sed</strong></span> <span class='ocrx_word' id='word_1_133' title='bbox 1122 1523 1152 1578; x_wconf 93' lang='lat' dir='ltr'><strong>et</strong></span> 
     </span>
     <span class='ocr_line' id='line_1_16' title="bbox 131 1608 1193 1688; baseline -0.004 -18"><span class='ocrx_word' id='word_1_134' title='bbox 131 1612 207 1670; x_wconf 89' lang='lat' dir='ltr'><strong>tnnc</strong></span> <span class='ocrx_word' id='word_1_135' title='bbox 229 1611 285 1670; x_wconf 91' lang='lat' dir='ltr'><strong>soli</strong></span> <span class='ocrx_word' id='word_1_136' title='bbox 301 1611 377 1670; x_wconf 83' lang='lat' dir='ltr'><strong>alius</strong></span> <span class='ocrx_word' id='word_1_137' title='bbox 392 1612 511 1688; x_wconf 86' lang='lat' dir='ltr'><strong>planeta</strong></span> <span class='ocrx_word' id='word_1_138' title='bbox 525 1610 567 1669; x_wconf 93' lang='lat' dir='ltr'><strong>ibi</strong></span> <span class='ocrx_word' id='word_1_139' title='bbox 583 1611 721 1686; x_wconf 86' lang='lat' dir='ltr'><strong>occurrit,</strong></span> <span class='ocrx_word' id='word_1_140' title='bbox 744 1609 859 1670; x_wconf 88' lang='lat' dir='ltr'><strong>scilicet</strong></span> <span class='ocrx_word' id='word_1_141' title='bbox 873 1611 932 1685; x_wconf 91' lang='lat' dir='ltr'><strong>ille,</strong></span> <span class='ocrx_word' id='word_1_142' title='bbox 957 1610 1010 1685; x_wconf 93' lang='lat' dir='ltr'><strong>qui</strong></span> <span class='ocrx_word' id='word_1_143' title='bbox 1025 1608 1150 1668; x_wconf 85' lang='lat' dir='ltr'><strong>inferius</strong></span> <span class='ocrx_word' id='word_1_144' title='bbox 1165 1620 1193 1666; x_wconf 82' lang='lat'><strong>15</strong></span> 
     </span>
     <span class='ocr_line' id='line_1_17' title="bbox 132 1697 1151 1775; baseline -0.003 -16"><span class='ocrx_word' id='word_1_145' title='bbox 132 1700 231 1759; x_wconf 89' lang='lat' dir='ltr'><strong>cancri</strong></span> <span class='ocrx_word' id='word_1_146' title='bbox 265 1699 409 1762; x_wconf 91' lang='lat' dir='ltr'><strong>veniebat.</strong></span> <span class='ocrx_word' id='word_1_147' title='bbox 466 1700 506 1759; x_wconf 78' lang='lat' dir='ltr'><strong>nt</strong></span> <span class='ocrx_word' id='word_1_148' title='bbox 541 1700 631 1758; x_wconf 91' lang='lat' dir='ltr'><strong>etiam</strong></span> <span class='ocrx_word' id='word_1_149' title='bbox 664 1701 799 1775; x_wconf 89' lang='lat' dir='ltr'><strong>planeta,</strong></span> <span class='ocrx_word' id='word_1_150' title='bbox 838 1699 889 1775; x_wconf 91' lang='lat' dir='ltr'><strong>qui</strong></span> <span class='ocrx_word' id='word_1_151' title='bbox 929 1698 969 1759; x_wconf 92' lang='lat' dir='ltr'><strong>ad</strong></span> <span class='ocrx_word' id='word_1_152' title='bbox 1003 1717 1072 1757; x_wconf 91' lang='lat' dir='ltr'><strong>enm</strong></span> <span class='ocrx_word' id='word_1_153' title='bbox 1109 1697 1151 1757; x_wconf 91' lang='lat' dir='ltr'><strong>ibi</strong></span> 
     </span>
     <span class='ocr_line' id='line_1_18' title="bbox 132 1778 1151 1861; baseline -0.002 -13"><span class='ocrx_word' id='word_1_154' title='bbox 132 1789 266 1849; x_wconf 75' lang='lat' dir='ltr'><strong>cucurrit</strong></span> <span class='ocrx_word' id='word_1_155' title='bbox 287 1778 319 1848; x_wconf 85' lang='lat' dir='ltr'><strong>et</strong></span> <span class='ocrx_word' id='word_1_156' title='bbox 340 1793 422 1849; x_wconf 89' lang='lat' dir='ltr'><strong>retro</strong></span> <span class='ocrx_word' id='word_1_157' title='bbox 446 1790 476 1848; x_wconf 90' lang='lat' dir='ltr'><strong>et</strong></span> <span class='ocrx_word' id='word_1_158' title='bbox 500 1793 567 1849; x_wconf 88' lang='lat' dir='ltr'><strong>aute</strong></span> <span class='ocrx_word' id='word_1_159' title='bbox 589 1788 720 1861; x_wconf 86' lang='lat' dir='ltr'><strong>incessit,</strong></span> <span class='ocrx_word' id='word_1_160' title='bbox 750 1788 846 1847; x_wconf 85' lang='lat' dir='ltr'><strong>adhuc</strong></span> <span class='ocrx_word' id='word_1_161' title='bbox 869 1806 937 1846; x_wconf 89' lang='lat' dir='ltr'><strong>cum</strong></span> <span class='ocrx_word' id='word_1_162' title='bbox 961 1789 1022 1848; x_wconf 90' lang='lat' dir='ltr'><strong>sole</strong></span> <span class='ocrx_word' id='word_1_163' title='bbox 1044 1789 1151 1858; x_wconf 88' lang='lat' dir='ltr'><strong>manet,</strong></span> 
     </span>
     <span class='ocr_line' id='line_1_19' title="bbox 137 1877 1150 1954; baseline 0 -18"><span class='ocrx_word' id='word_1_164' title='bbox 137 1880 169 1937; x_wconf 92' lang='lat' dir='ltr'><strong>et</strong></span> <span class='ocrx_word' id='word_1_165' title='bbox 199 1877 240 1936; x_wconf 85' lang='lat' dir='ltr'><strong>sic</strong></span> <span class='ocrx_word' id='word_1_166' title='bbox 272 1896 340 1937; x_wconf 89' lang='lat' dir='ltr'><strong>cum</strong></span> <span class='ocrx_word' id='word_1_167' title='bbox 372 1897 407 1938; x_wconf 91' lang='lat' dir='ltr'><strong>eo</strong></span> <span class='ocrx_word' id='word_1_168' title='bbox 438 1877 524 1937; x_wconf 89' lang='lat' dir='ltr'><strong>ambo</strong></span> <span class='ocrx_word' id='word_1_169' title='bbox 556 1877 705 1941; x_wconf 87' lang='lat' dir='ltr'><strong>incedunt.</strong></span> <span class='ocrx_word' id='word_1_170' title='bbox 758 1877 841 1936; x_wconf 81' lang='lat' dir='ltr'><strong>Tunc</strong></span> <span class='ocrx_word' id='word_1_171' title='bbox 876 1877 966 1936; x_wconf 87' lang='lat' dir='ltr'><strong>etiam</strong></span> <span class='ocrx_word' id='word_1_172' title='bbox 1000 1877 1032 1936; x_wconf 90' lang='lat' dir='ltr'><strong>in</strong></span> <span class='ocrx_word' id='word_1_173' title='bbox 1066 1877 1150 1954; x_wconf 83' lang='lat' dir='ltr'><strong>signo</strong></span> 
     </span>
     <span class='ocr_line' id='line_1_20' title="bbox 136 1964 1151 2043; baseline -0.001 -18"><span class='ocrx_word' id='word_1_174' title='bbox 136 1967 299 2042; x_wconf 85' lang='lat' dir='ltr'><strong>scorpionis</strong></span> <span class='ocrx_word' id='word_1_175' title='bbox 324 1967 424 2026; x_wconf 87' lang='lat' dir='ltr'><strong>omnia</strong></span> <span class='ocrx_word' id='word_1_176' title='bbox 445 1967 595 2043; x_wconf 89' lang='lat' dir='ltr'><strong>reptantia</strong></span> <span class='ocrx_word' id='word_1_177' title='bbox 618 1967 791 2027; x_wconf 85' lang='lat' dir='ltr'><strong>cavernulas</strong></span> <span class='ocrx_word' id='word_1_178' title='bbox 814 1984 883 2026; x_wconf 91' lang='lat' dir='ltr'><strong>suas</strong></span> <span class='ocrx_word' id='word_1_179' title='bbox 911 1967 1070 2041; x_wconf 89' lang='lat' dir='ltr'><strong>quaerunt,</strong></span> <span class='ocrx_word' id='word_1_180' title='bbox 1098 1964 1151 2024; x_wconf 92' lang='lat' dir='ltr'><strong>ubi</strong></span> 
     </span>
     <span class='ocr_line' id='line_1_21' title="bbox 132 2055 1193 2132; baseline -0.004 -18"><span class='ocrx_word' id='word_1_181' title='bbox 132 2074 186 2132; x_wconf 89' lang='lat' dir='ltr'><strong>per</strong></span> <span class='ocrx_word' id='word_1_182' title='bbox 207 2055 336 2115; x_wconf 89' lang='lat' dir='ltr'><strong>hiemem</strong></span> <span class='ocrx_word' id='word_1_183' title='bbox 358 2056 584 2122; x_wconf 87' lang='lat' dir='ltr'><strong>abscondantur.</strong></span> <span class='ocrx_word' id='word_1_184' title='bbox 618 2056 675 2116; x_wconf 83' lang='lat' dir='ltr'><strong>Sed</strong></span> <span class='ocrx_word' id='word_1_185' title='bbox 697 2055 825 2132; x_wconf 89' lang='lat' dir='ltr'><strong>praefati</strong></span> <span class='ocrx_word' id='word_1_186' title='bbox 847 2055 907 2114; x_wconf 88' lang='lat' dir='ltr'><strong>duo</strong></span> <span class='ocrx_word' id='word_1_187' title='bbox 930 2055 1066 2130; x_wconf 85' lang='lat' dir='ltr'><strong>planetae</strong></span> <span class='ocrx_word' id='word_1_188' title='bbox 1082 2073 1151 2114; x_wconf 88' lang='lat' dir='ltr'><strong>cunr</strong></span> <span class='ocrx_word' id='word_1_189' title='bbox 1164 2065 1193 2111; x_wconf 76' lang='lat' dir='ltr'><strong>ao</strong></span> 
     </span>
     <span class='ocr_line' id='line_1_22' title="bbox 134 2144 1151 2222; baseline -0.002 -18"><span class='ocrx_word' id='word_1_190' title='bbox 134 2145 195 2204; x_wconf 87' lang='lat' dir='ltr'><strong>sole</strong></span> <span class='ocrx_word' id='word_1_191' title='bbox 228 2145 272 2204; x_wconf 88' lang='lat' dir='ltr'><strong>ita</strong></span> <span class='ocrx_word' id='word_1_192' title='bbox 304 2145 448 2205; x_wconf 88' lang='lat' dir='ltr'><strong>incedunt</strong></span> <span class='ocrx_word' id='word_1_193' title='bbox 481 2163 577 2221; x_wconf 89' lang='lat' dir='ltr'><strong>usque</strong></span> <span class='ocrx_word' id='word_1_194' title='bbox 609 2145 647 2204; x_wconf 87' lang='lat' dir='ltr'><strong>ad</strong></span> <span class='ocrx_word' id='word_1_195' title='bbox 685 2146 806 2222; x_wconf 84' lang='lat' dir='ltr'><strong>signum</strong></span> <span class='ocrx_word' id='word_1_196' title='bbox 843 2144 1006 2222; x_wconf 83' lang='lat' dir='ltr'><strong>sagittarii,</strong></span> <span class='ocrx_word' id='word_1_197' title='bbox 1045 2147 1075 2203; x_wconf 88' lang='lat' dir='ltr'><strong>et</strong></span> <span class='ocrx_word' id='word_1_198' title='bbox 1108 2145 1151 2203; x_wconf 89' lang='lat' dir='ltr'><strong>ibi</strong></span> 
     </span>
     <span class='ocr_line' id='line_1_23' title="bbox 131 2233 1151 2312; baseline 0.001 -20"><span class='ocrx_word' id='word_1_199' title='bbox 131 2237 292 2297; x_wconf 87' lang='lat' dir='ltr'><strong>remanent.</strong></span> <span class='ocrx_word' id='word_1_200' title='bbox 329 2234 369 2294; x_wconf 80' lang='lat' dir='ltr'><strong>Et</strong></span> <span class='ocrx_word' id='word_1_201' title='bbox 390 2237 463 2294; x_wconf 89' lang='lat' dir='ltr'><strong>tunc</strong></span> <span class='ocrx_word' id='word_1_202' title='bbox 486 2235 517 2293; x_wconf 91' lang='lat' dir='ltr'><strong>in</strong></span> <span class='ocrx_word' id='word_1_203' title='bbox 540 2235 624 2312; x_wconf 78' lang='lat' dir='ltr'><strong>signo</strong></span> <span class='ocrx_word' id='word_1_204' title='bbox 647 2235 798 2312; x_wconf 83' lang='lat' dir='ltr'><strong>sagittarii</strong></span> <span class='ocrx_word' id='word_1_205' title='bbox 819 2234 920 2292; x_wconf 84' lang='lat' dir='ltr'><strong>nullus</strong></span> <span class='ocrx_word' id='word_1_206' title='bbox 942 2233 1062 2310; x_wconf 88' lang='lat' dir='ltr'><strong>planeta</strong></span> <span class='ocrx_word' id='word_1_207' title='bbox 1083 2252 1151 2293; x_wconf 88' lang='lat' dir='ltr'><strong>eum</strong></span> 
     </span>
     <span class='ocr_line' id='line_1_24' title="bbox 131 2314 1151 2400; baseline -0.004 -16"><span class='ocrx_word' id='word_1_208' title='bbox 131 2323 193 2384; x_wconf 88' lang='lat' dir='ltr'><strong>sole</strong></span> <span class='ocrx_word' id='word_1_209' title='bbox 222 2323 328 2382; x_wconf 90' lang='lat' dir='ltr'><strong>amodo</strong></span> <span class='ocrx_word' id='word_1_210' title='bbox 357 2322 481 2400; x_wconf 83' lang='lat' dir='ltr'><strong>incedit,</strong></span> <span class='ocrx_word' id='word_1_211' title='bbox 514 2327 551 2384; x_wconf 89' lang='lat' dir='ltr'><strong>ut</strong></span> <span class='ocrx_word' id='word_1_212' title='bbox 576 2324 660 2400; x_wconf 90' lang='lat' dir='ltr'><strong>prius</strong></span> <span class='ocrx_word' id='word_1_213' title='bbox 688 2342 756 2383; x_wconf 91' lang='lat' dir='ltr'><strong>cum</strong></span> <span class='ocrx_word' id='word_1_214' title='bbox 783 2325 846 2399; x_wconf 92' lang='lat' dir='ltr'><strong>ipso</strong></span> <span class='ocrx_word' id='word_1_215' title='bbox 862 2314 865 2318; x_wconf 68' lang='grc'>’</span> <span class='ocrx_word' id='word_1_216' title='bbox 879 2322 1067 2396; x_wconf 84' lang='lat' dir='ltr'><strong>incedebant,</strong></span> <span class='ocrx_word' id='word_1_217' title='bbox 1100 2321 1151 2382; x_wconf 90' lang='lat' dir='ltr'><strong>sed</strong></span> 
     </span>
     <span class='ocr_line' id='line_1_25' title="bbox 132 2411 1152 2490; baseline -0.004 -18"><span class='ocrx_word' id='word_1_218' title='bbox 132 2411 266 2472; x_wconf 86' lang='lat' dir='ltr'><strong>suaviter</strong></span> <span class='ocrx_word' id='word_1_219' title='bbox 287 2414 319 2472; x_wconf 92' lang='lat' dir='ltr'><strong>et</strong></span> <span class='ocrx_word' id='word_1_220' title='bbox 340 2412 447 2472; x_wconf 89' lang='lat' dir='ltr'><strong>leniter</strong></span> <span class='ocrx_word' id='word_1_221' title='bbox 468 2432 522 2490; x_wconf 90' lang='lat' dir='ltr'><strong>per</strong></span> <span class='ocrx_word' id='word_1_222' title='bbox 544 2431 575 2472; x_wconf 86' lang='lat' dir='ltr'><strong>se</strong></span> <span class='ocrx_word' id='word_1_223' title='bbox 598 2414 699 2489; x_wconf 87' lang='lat' dir='ltr'><strong>ipsum</strong></span> <span class='ocrx_word' id='word_1_224' title='bbox 720 2413 855 2472; x_wconf 89' lang='lat' dir='ltr'><strong>incedere</strong></span> <span class='ocrx_word' id='word_1_225' title='bbox 870 2413 1056 2488; x_wconf 88' lang='lat' dir='ltr'><strong>permittunt,</strong></span> <span class='ocrx_word' id='word_1_226' title='bbox 1080 2412 1152 2486; x_wconf 91' lang='lat' dir='ltr'><strong>quia</strong></span> 
     </span>
     <span class='ocr_line' id='line_1_26' title="bbox 132 2500 1192 2574; baseline -0.003 -15"><span class='ocrx_word' id='word_1_227' title='bbox 132 2501 192 2560; x_wconf 91' lang='lat' dir='ltr'><strong>ianr</strong></span> <span class='ocrx_word' id='word_1_228' title='bbox 219 2500 250 2560; x_wconf 92' lang='lat' dir='ltr'><strong>in</strong></span> <span class='ocrx_word' id='word_1_229' title='bbox 279 2501 414 2561; x_wconf 86' lang='lat' dir='ltr'><strong>inferiori</strong></span> <span class='ocrx_word' id='word_1_230' title='bbox 452 2502 592 2562; x_wconf 89' lang='lat' dir='ltr'><strong>descensu</strong></span> <span class='ocrx_word' id='word_1_231' title='bbox 630 2505 687 2574; x_wconf 88' lang='lat' dir='ltr'><strong>est;</strong></span> <span class='ocrx_word' id='word_1_232' title='bbox 719 2502 804 2563; x_wconf 88' lang='lat' dir='ltr'><strong>velut</strong></span> <span class='ocrx_word' id='word_1_233' title='bbox 830 2502 913 2561; x_wconf 89' lang='lat' dir='ltr'><strong>nevis</strong></span> <span class='ocrx_word' id='word_1_234' title='bbox 945 2501 977 2559; x_wconf 92' lang='lat' dir='ltr'><strong>in</strong></span> <span class='ocrx_word' id='word_1_235' title='bbox 1010 2501 1151 2560; x_wconf 86' lang='lat' dir='ltr'><strong>descensu</strong></span> <span class='ocrx_word' id='word_1_236' title='bbox 1163 2511 1192 2556; x_wconf 79' lang='lat'><strong>25</strong></span> 
     </span>
     <span class='ocr_line' id='line_1_27' title="bbox 130 2589 1151 2667; baseline 0.001 -19"><span class='ocrx_word' id='word_1_237' title='bbox 130 2590 262 2650; x_wconf 87' lang='lat' dir='ltr'><strong>fluminis</strong></span> <span class='ocrx_word' id='word_1_238' title='bbox 293 2591 446 2650; x_wconf 88' lang='lat' dir='ltr'><strong>interdum</strong></span> <span class='ocrx_word' id='word_1_239' title='bbox 478 2609 532 2667; x_wconf 91' lang='lat' dir='ltr'><strong>per</strong></span> <span class='ocrx_word' id='word_1_240' title='bbox 561 2609 591 2651; x_wconf 91' lang='lat' dir='ltr'><strong>se</strong></span> <span class='ocrx_word' id='word_1_241' title='bbox 621 2592 727 2658; x_wconf 88' lang='lat' dir='ltr'><strong>leniter</strong></span> <span class='ocrx_word' id='word_1_242' title='bbox 750 2591 794 2649; x_wconf 90' lang='lat' dir='ltr'><strong>ire</strong></span> <span class='ocrx_word' id='word_1_243' title='bbox 816 2590 1003 2667; x_wconf 89' lang='lat' dir='ltr'><strong>permittitur</strong></span> <span class='ocrx_word' id='word_1_244' title='bbox 1025 2589 1151 2649; x_wconf 89' lang='lat' dir='ltr'><strong>sublatis</strong></span> 
     </span>
     <span class='ocr_line' id='line_1_28' title="bbox 131 2679 1151 2756; baseline 0.006 -19"><span class='ocrx_word' id='word_1_245' title='bbox 131 2679 221 2738; x_wconf 89' lang='lat' dir='ltr'><strong>remis</strong></span> <span class='ocrx_word' id='word_1_246' title='bbox 252 2681 283 2738; x_wconf 92' lang='lat' dir='ltr'><strong>et</strong></span> <span class='ocrx_word' id='word_1_247' title='bbox 315 2680 358 2740; x_wconf 90' lang='lat' dir='ltr'><strong>eis</strong></span> <span class='ocrx_word' id='word_1_248' title='bbox 385 2699 439 2756; x_wconf 91' lang='lat' dir='ltr'><strong>per</strong></span> <span class='ocrx_word' id='word_1_249' title='bbox 470 2679 600 2756; x_wconf 91' lang='lat' dir='ltr'><strong>aliquam</strong></span> <span class='ocrx_word' id='word_1_250' title='bbox 629 2699 743 2739; x_wconf 88' lang='lat' dir='ltr'><strong>moram</strong></span> <span class='ocrx_word' id='word_1_251' title='bbox 774 2679 933 2755; x_wconf 87' lang='lat' dir='ltr'><strong>aliquando</strong></span> <span class='ocrx_word' id='word_1_252' title='bbox 961 2679 1151 2743; x_wconf 80' lang='lat' dir='ltr'><strong>cessantibus</strong></span> 
     </span>
     <span class='ocr_line' id='line_1_29' title="bbox 132 2761 1149 2845; baseline 0.002 -19"><span class='ocrx_word' id='word_1_253' title='bbox 132 2766 189 2827; x_wconf 79' lang='lat' dir='ltr'><strong>Sed</strong></span> <span class='ocrx_word' id='word_1_254' title='bbox 213 2769 352 2845; x_wconf 92' lang='lat' dir='ltr'><strong>quoniam</strong></span> <span class='ocrx_word' id='word_1_255' title='bbox 376 2767 422 2829; x_wconf 91' lang='lat' dir='ltr'><strong>sol</strong></span> <span class='ocrx_word' id='word_1_256' title='bbox 442 2768 473 2828; x_wconf 93' lang='lat' dir='ltr'><strong>in</strong></span> <span class='ocrx_word' id='word_1_257' title='bbox 489 2769 629 2830; x_wconf 87' lang='lat' dir='ltr'><strong>descensu</strong></span> <span class='ocrx_word' id='word_1_258' title='bbox 645 2771 697 2841; x_wconf 85' lang='lat' dir='ltr'><strong>est,</strong></span> <span class='ocrx_word' id='word_1_259' title='bbox 722 2769 803 2828; x_wconf 90' lang='lat' dir='ltr'><strong>calor</strong></span> <span class='ocrx_word' id='word_1_260' title='bbox 826 2761 888 2827; x_wconf 80' lang='lat' dir='ltr'><strong>eiu&#39;s</strong></span> <span class='ocrx_word' id='word_1_261' title='bbox 911 2768 1070 2843; x_wconf 90' lang='lat' dir='ltr'><strong>praecipue</strong></span> <span class='ocrx_word' id='word_1_262' title='bbox 1093 2769 1149 2828; x_wconf 86' lang='lat' dir='ltr'><strong>sub</strong></span> 
     </span>
     <span class='ocr_line' id='line_1_30' title="bbox 132 2853 1151 2935; baseline 0.002 -20"><span class='ocrx_word' id='word_1_263' title='bbox 132 2861 213 2916; x_wconf 87' lang='lat' dir='ltr'><strong>terra</strong></span> <span class='ocrx_word' id='word_1_264' title='bbox 235 2860 280 2917; x_wconf 89' lang='lat' dir='ltr'><strong>est</strong></span> <span class='ocrx_word' id='word_1_265' title='bbox 307 2860 338 2917; x_wconf 94' lang='lat' dir='ltr'><strong>et</strong></span> <span class='ocrx_word' id='word_1_266' title='bbox 365 2858 455 2917; x_wconf 90' lang='lat' dir='ltr'><strong>etiam</strong></span> <span class='ocrx_word' id='word_1_267' title='bbox 481 2859 513 2918; x_wconf 90' lang='lat' dir='ltr'><strong>in</strong></span> <span class='ocrx_word' id='word_1_268' title='bbox 541 2859 626 2935; x_wconf 91' lang='lat' dir='ltr'><strong>aquis</strong></span> <span class='ocrx_word' id='word_1_269' title='bbox 654 2878 672 2917; x_wconf 88' lang='lat' dir='ltr'><strong>a</strong></span> <span class='ocrx_word' id='word_1_270' title='bbox 700 2861 782 2918; x_wconf 87' lang='lat' dir='ltr'><strong>terra</strong></span> <span class='ocrx_word' id='word_1_271' title='bbox 808 2853 940 2918; x_wconf 88' lang='lat' dir='ltr'><strong>remotis.</strong></span> <span class='ocrx_word' id='word_1_272' title='bbox 986 2857 1037 2916; x_wconf 86' lang='lat' dir='ltr'><strong>llli</strong></span> <span class='ocrx_word' id='word_1_273' title='bbox 1060 2858 1151 2917; x_wconf 89' lang='lat' dir='ltr'><strong>etiam</strong></span> 
     </span>
     <span class='ocr_line' id='line_1_31' title="bbox 131 2946 1191 3026; baseline -0.001 -22"><span class='ocrx_word' id='word_1_274' title='bbox 131 2946 191 3005; x_wconf 91' lang='lat' dir='ltr'><strong>duo</strong></span> <span class='ocrx_word' id='word_1_275' title='bbox 213 2947 358 3022; x_wconf 88' lang='lat' dir='ltr'><strong>planetae,</strong></span> <span class='ocrx_word' id='word_1_276' title='bbox 383 2947 436 3023; x_wconf 91' lang='lat' dir='ltr'><strong>qui</strong></span> <span class='ocrx_word' id='word_1_277' title='bbox 459 2966 527 3007; x_wconf 91' lang='lat' dir='ltr'><strong>eum</strong></span> <span class='ocrx_word' id='word_1_278' title='bbox 549 2966 644 3024; x_wconf 89' lang='lat' dir='ltr'><strong>usque</strong></span> <span class='ocrx_word' id='word_1_279' title='bbox 664 2947 702 3007; x_wconf 88' lang='lat' dir='ltr'><strong>ad</strong></span> <span class='ocrx_word' id='word_1_280' title='bbox 717 2948 836 3024; x_wconf 84' lang='lat' dir='ltr'><strong>signum</strong></span> <span class='ocrx_word' id='word_1_281' title='bbox 851 2947 1000 3026; x_wconf 79' lang='lat' dir='ltr'><strong>sagittarii</strong></span> <span class='ocrx_word' id='word_1_282' title='bbox 1015 2947 1149 3007; x_wconf 89' lang='lat' dir='ltr'><strong>comitati</strong></span> <span class='ocrx_word' id='word_1_283' title='bbox 1161 2958 1191 3003; x_wconf 84' lang='lat'><strong>30</strong></span> 
     </span>
     <span class='ocr_line' id='line_1_32' title="bbox 132 3036 1150 3111; baseline 0 -17"><span class='ocrx_word' id='word_1_284' title='bbox 132 3037 210 3111; x_wconf 89' lang='lat' dir='ltr'><strong>sunt,</strong></span> <span class='ocrx_word' id='word_1_285' title='bbox 234 3054 264 3095; x_wconf 92' lang='lat' dir='ltr'><strong>se</strong></span> <span class='ocrx_word' id='word_1_286' title='bbox 287 3037 319 3095; x_wconf 93' lang='lat' dir='ltr'><strong>in</strong></span> <span class='ocrx_word' id='word_1_287' title='bbox 340 3036 434 3096; x_wconf 91' lang='lat' dir='ltr'><strong>nubes</strong></span> <span class='ocrx_word' id='word_1_288' title='bbox 456 3039 529 3097; x_wconf 87' lang='lat' dir='ltr'><strong>tunc</strong></span> <span class='ocrx_word' id='word_1_289' title='bbox 552 3055 672 3098; x_wconf 88' lang='lat' dir='ltr'><strong>sursum</strong></span> <span class='ocrx_word' id='word_1_290' title='bbox 694 3037 808 3096; x_wconf 89' lang='lat' dir='ltr'><strong>tollunt</strong></span> <span class='ocrx_word' id='word_1_291' title='bbox 822 3039 852 3097; x_wconf 90' lang='lat' dir='ltr'><strong>et</strong></span> <span class='ocrx_word' id='word_1_292' title='bbox 868 3037 965 3095; x_wconf 89' lang='lat' dir='ltr'><strong>calore</strong></span> <span class='ocrx_word' id='word_1_293' title='bbox 981 3055 1036 3096; x_wconf 89' lang='lat' dir='ltr'><strong>suo</strong></span> <span class='ocrx_word' id='word_1_294' title='bbox 1053 3055 1150 3096; x_wconf 90' lang='lat' dir='ltr'><strong>aerem</strong></span> 
     </span>
     <span class='ocr_line' id='line_1_33' title="bbox 130 3124 1150 3202; baseline 0.001 -19"><span class='ocrx_word' id='word_1_295' title='bbox 130 3124 200 3201; x_wconf 89' lang='lat' dir='ltr'><strong>plus</strong></span> <span class='ocrx_word' id='word_1_296' title='bbox 229 3125 317 3185; x_wconf 92' lang='lat' dir='ltr'><strong>solito</strong></span> <span class='ocrx_word' id='word_1_297' title='bbox 347 3125 532 3188; x_wconf 85' lang='lat' dir='ltr'><strong>calefaciunt.</strong></span> <span class='ocrx_word' id='word_1_298' title='bbox 582 3126 726 3202; x_wconf 88' lang='lat' dir='ltr'><strong>Alioquin</strong></span> <span class='ocrx_word' id='word_1_299' title='bbox 758 3126 868 3201; x_wconf 90' lang='lat' dir='ltr'><strong>omnia,</strong></span> <span class='ocrx_word' id='word_1_300' title='bbox 903 3145 979 3201; x_wconf 90' lang='lat' dir='ltr'><strong>quae</strong></span> <span class='ocrx_word' id='word_1_301' title='bbox 1008 3126 1040 3185; x_wconf 91' lang='lat' dir='ltr'><strong>in</strong></span> <span class='ocrx_word' id='word_1_302' title='bbox 1070 3128 1150 3184; x_wconf 84' lang='lat' dir='ltr'><strong>terra</strong></span> 
     </span>
     <span class='ocr_line' id='line_1_34' title="bbox 131 3214 1150 3292; baseline -0.001 -19"><span class='ocrx_word' id='word_1_303' title='bbox 131 3217 210 3290; x_wconf 86' lang='lat' dir='ltr'><strong>sunt,</strong></span> <span class='ocrx_word' id='word_1_304' title='bbox 234 3215 373 3290; x_wconf 87' lang='lat' dir='ltr'><strong>perirent</strong></span> <span class='ocrx_word' id='word_1_305' title='bbox 411 3214 452 3273; x_wconf 72' lang='lat' dir='ltr'><strong>Et</strong></span> <span class='ocrx_word' id='word_1_306' title='bbox 472 3215 530 3274; x_wconf 92' lang='lat' dir='ltr'><strong>hoc</strong></span> <span class='ocrx_word' id='word_1_307' title='bbox 550 3216 639 3275; x_wconf 91' lang='lat' dir='ltr'><strong>modo</strong></span> <span class='ocrx_word' id='word_1_308' title='bbox 661 3234 756 3291; x_wconf 91' lang='lat' dir='ltr'><strong>usque</strong></span> <span class='ocrx_word' id='word_1_309' title='bbox 779 3215 819 3274; x_wconf 89' lang='lat' dir='ltr'><strong>ad</strong></span> <span class='ocrx_word' id='word_1_310' title='bbox 841 3214 960 3292; x_wconf 78' lang='lat' dir='ltr'><strong>signum</strong></span> <span class='ocrx_word' id='word_1_311' title='bbox 984 3215 1150 3290; x_wconf 89' lang='lat' dir='ltr'><strong>capricorni</strong></span> 
     </span>
     <span class='ocr_line' id='line_1_35' title="bbox 131 3302 1150 3381; baseline 0.001 -19"><span class='ocrx_word' id='word_1_312' title='bbox 131 3303 189 3362; x_wconf 90' lang='lat' dir='ltr'><strong>soli</strong></span> <span class='ocrx_word' id='word_1_313' title='bbox 211 3303 359 3376; x_wconf 82' lang='lat' dir='ltr'><strong>serviunt3</strong></span> <span class='ocrx_word' id='word_1_314' title='bbox 383 3303 437 3363; x_wconf 91' lang='lat' dir='ltr'><strong>ubi</strong></span> <span class='ocrx_word' id='word_1_315' title='bbox 460 3323 527 3363; x_wconf 92' lang='lat' dir='ltr'><strong>eum</strong></span> <span class='ocrx_word' id='word_1_316' title='bbox 550 3304 630 3364; x_wconf 91' lang='lat' dir='ltr'><strong>idem</strong></span> <span class='ocrx_word' id='word_1_317' title='bbox 653 3306 789 3381; x_wconf 84' lang='lat' dir='ltr'><strong>planetae</strong></span> <span class='ocrx_word' id='word_1_318' title='bbox 812 3302 850 3361; x_wconf 91' lang='lat' dir='ltr'><strong>ad</strong></span> <span class='ocrx_word' id='word_1_319' title='bbox 873 3321 1026 3363; x_wconf 84' lang='lat' dir='ltr'><strong>ascensum</strong></span> <span class='ocrx_word' id='word_1_320' title='bbox 1040 3304 1150 3381; x_wconf 85' lang='lat' dir='ltr'><strong>prioris</strong></span> 
     </span>
     <span class='ocr_line' id='line_1_36' title="bbox 134 3392 1190 3470; baseline -0.004 -19"><span class='ocrx_word' id='word_1_321' title='bbox 134 3409 239 3452; x_wconf 89' lang='lat' dir='ltr'><strong>cursus</strong></span> <span class='ocrx_word' id='word_1_322' title='bbox 270 3393 318 3452; x_wconf 91' lang='lat' dir='ltr'><strong>sui</strong></span> <span class='ocrx_word' id='word_1_323' title='bbox 350 3392 546 3452; x_wconf 83' lang='lat' dir='ltr'><strong>exhortantur</strong></span> <span class='ocrx_word' id='word_1_324' title='bbox 578 3397 608 3454; x_wconf 91' lang='lat' dir='ltr'><strong>et</strong></span> <span class='ocrx_word' id='word_1_325' title='bbox 636 3393 791 3465; x_wconf 88' lang='lat' dir='ltr'><strong>adiuvant,</strong></span> <span class='ocrx_word' id='word_1_326' title='bbox 820 3393 856 3450; x_wconf 90' lang='lat' dir='ltr'><strong>ut</strong></span> <span class='ocrx_word' id='word_1_327' title='bbox 883 3393 1069 3470; x_wconf 89' lang='lat' dir='ltr'><strong>praedictum</strong></span> <span class='ocrx_word' id='word_1_328' title='bbox 1091 3396 1147 3453; x_wconf 88' lang='lat' dir='ltr'><strong>est.</strong></span> <span class='ocrx_word' id='word_1_329' title='bbox 1161 3401 1190 3446; x_wconf 83' lang='lat'><strong>35</strong></span> 
     </span>
     <span class='ocr_line' id='line_1_37' title="bbox 134 3478 1149 3559; baseline 0 -21"><span class='ocrx_word' id='word_1_330' title='bbox 134 3478 186 3540; x_wconf 81' lang='lat' dir='ltr'><strong>Sol</strong></span> <span class='ocrx_word' id='word_1_331' title='bbox 209 3484 309 3542; x_wconf 87' lang='lat' dir='ltr'><strong>autern</strong></span> <span class='ocrx_word' id='word_1_332' title='bbox 333 3484 378 3542; x_wconf 90' lang='lat' dir='ltr'><strong>est</strong></span> <span class='ocrx_word' id='word_1_333' title='bbox 400 3481 486 3559; x_wconf 87' lang='lat' dir='ltr'><strong>quasi</strong></span> <span class='ocrx_word' id='word_1_334' title='bbox 508 3482 617 3559; x_wconf 91' lang='lat' dir='ltr'><strong>pilleus</strong></span> <span class='ocrx_word' id='word_1_335' title='bbox 640 3481 831 3556; x_wconf 87' lang='lat' dir='ltr'><strong>firmamenti,</strong></span> <span class='ocrx_word' id='word_1_336' title='bbox 864 3483 916 3557; x_wconf 91' lang='lat' dir='ltr'><strong>qui</strong></span> <span class='ocrx_word' id='word_1_337' title='bbox 945 3481 1025 3541; x_wconf 88' lang='lat' dir='ltr'><strong>omni</strong></span> <span class='ocrx_word' id='word_1_338' title='bbox 1053 3483 1149 3540; x_wconf 90' lang='lat' dir='ltr'><strong>firma·</strong></span> 
     </span>
     <span class='ocr_line' id='line_1_38' title="bbox 135 3569 1149 3648; baseline -0.001 -20"><span class='ocrx_word' id='word_1_339' title='bbox 135 3573 235 3630; x_wconf 88' lang='lat' dir='ltr'><strong>mento</strong></span> <span class='ocrx_word' id='word_1_340' title='bbox 260 3573 356 3646; x_wconf 89' lang='lat' dir='ltr'><strong>[sunt]</strong></span> <span class='ocrx_word' id='word_1_341' title='bbox 382 3573 413 3630; x_wconf 90' lang='lat' dir='ltr'><strong>et</strong></span> <span class='ocrx_word' id='word_1_342' title='bbox 433 3577 529 3631; x_wconf 87' lang='lat' dir='ltr'><strong>terrae</strong></span> <span class='ocrx_word' id='word_1_343' title='bbox 553 3574 584 3631; x_wconf 90' lang='lat' dir='ltr'><strong>et</strong></span> <span class='ocrx_word' id='word_1_344' title='bbox 606 3573 690 3647; x_wconf 89' lang='lat' dir='ltr'><strong>aquis</strong></span> <span class='ocrx_word' id='word_1_345' title='bbox 712 3572 834 3648; x_wconf 84' lang='lat' dir='ltr'><strong>apparet</strong></span> <span class='ocrx_word' id='word_1_346' title='bbox 858 3574 888 3629; x_wconf 91' lang='lat' dir='ltr'><strong>et</strong></span> <span class='ocrx_word' id='word_1_347' title='bbox 910 3569 1038 3629; x_wconf 86' lang='lat' dir='ltr'><strong>calorem</strong></span> <span class='ocrx_word' id='word_1_348' title='bbox 1061 3588 1149 3628; x_wconf 89' lang='lat' dir='ltr'><strong>suum</strong></span> 
     </span>
    </p>
   </div>
   <div class='ocr_carea' id='block_1_3' title="bbox 0 0 1344 3938">
    <p class='ocr_par' dir='ltr' id='par_1_3' title="bbox 0 0 1344 3938">
     <span class='ocr_line' id='line_1_39' title="bbox 0 0 1344 3938; baseline 0 0"><span class='ocrx_word' id='word_1_349' title='bbox 0 0 1344 3938; x_wconf 95' lang='lat' dir='ltr'><strong> </strong></span> 
     </span>
    </p>
   </div>
  </div>
 </body>
</html>
