2680 3938
195 183 237 242 60
581 147 837 232 ainoneasms'

196 361 402 438 superfluitate
424 362 454 418 et
468 362 644 435 tempestate
663 361 794 436 veniunt,
817 363 860 421 ita
883 362 965 439 quod
987 362 1073 441 ignis,
1097 365 1224 425 scilicet

194 450 318 525 siccum,
351 449 586 526 supramodum
609 451 794 510 voluntatem
817 451 960 525 accendit;
992 455 1023 512 et
1045 453 1128 529 qnod
1151 473 1219 532 aer,

194 538 333 598 videlicet
354 538 524 614 humidum,
548 540 783 616 supramodum
806 540 1070 601 considerationem
1093 548 1213 618 movet;

195 631 225 686 εὴ
248 628 328 703 quod
351 647 443 705 aqua,
475 629 586 689 sufficet
609 649 725 706 spuma,
758 647 848 706 supra
877 631 1001 690 modum
1027 635 1208 707 potestatem

166 717 337 776 eductuare
369 718 453 788 facit;
486 721 516 777 et
544 719 625 794 quod
654 719 742 777 etiam
772 721 863 792 terra,
895 719 1033 780 videlicet
1061 721 1208 798 tepidum,

194 825 284 882 supra
316 806 439 867 modum
467 826 640 867 consensum
669 807 794 867 ebullire
823 808 903 871 facit.
948 809 988 869 lle
1013 809 1210 870 haecomnia

193 895 229 954 de
263 895 414 956 nimietate
440 896 653 973 superfluitatis
682 897 766 973 quasi
796 901 1001 974 tempestatem
1032 899 1148 960 faciunt
1179 904 1212 960 et

193 984 229 1043 de
252 986 394 1063 sanguine
416 1003 591 1046 venenosam
607 1004 751 1062 spumam,
776 986 855 1063 quod
877 991 1043 1060 somerset,
1067 989 1209 1062 educunt,

193 1075 283 1150 quod,
308 1093 376 1134 cum
399 1075 429 1133 in
452 1076 551 1135 locum
574 1092 662 1133 suum
685 1075 776 1150 cadit,
808 1077 928 1152 sangnis
950 1076 1084 1136 mulieris
1107 1079 1154 1136 illi
1177 1097 1209 1139 se

153 1175 179 1219 10
194 1163 356 1241 coniungit,
380 1167 410 1223 et
432 1183 466 1222 ex
489 1163 546 1222 hoc
561 1164 737 1241 sanguineus
755 1165 819 1224 erit.
853 1165 953 1224 Primo
977 1166 1055 1224 anim
1077 1167 1208 1244 inceptio

192 1253 320 1313 hominis
342 1272 397 1328 per
420 1253 656 1328 delectationem,
691 1273 781 1330 quam
803 1273 922 1330 serpens
944 1255 975 1313 in
998 1273 1087 1331 pomo
1110 1257 1209 1334 primo

192 1341 305 1400 homini
338 1341 516 1417 insufflavit,
549 1343 693 1418 exoritur,
726 1343 798 1420 quia
827 1346 899 1402 tunc
931 1344 1052 1422 sangnis
1085 1346 1144 1405 viri
1175 1363 1211 1406 ex

194 1429 387 1490 delectatione
416 1431 595 1493 concutitur.
640 1429 726 1491 Unde
753 1435 782 1492 et
812 1432 891 1491 idem
917 1434 1038 1510 sanguis
1066 1435 1209 1513 frigidam

192 1537 328 1594 spumam
350 1519 469 1578 mulieri
488 1521 633 1597 immittit,
658 1540 735 1598 quae
762 1540 797 1580 ex
819 1522 915 1581 calore
939 1526 1089 1583 maternae
1113 1526 1209 1584 carnis

152 1619 179 1666 15
193 1608 368 1684 coagulatur
388 1611 418 1667 et
439 1610 470 1668 in
490 1610 680 1688 sanguineam
700 1611 827 1669 formam
847 1611 1028 1684 extenditur3
1053 1631 1086 1672 ac
1107 1614 1210 1672 eadem

192 1715 298 1772 spuma
320 1697 351 1755 in
374 1698 477 1758 eodem
499 1697 596 1758 ¹calore
619 1700 660 1759 sic
676 1718 846 1776 permanens
860 1701 1053 1776 postmodum
1069 1721 1086 1758 a
1100 1703 1210 1762 sudore

192 1786 262 1846 sicci
294 1786 430 1846 ciborum
461 1789 564 1848 matris
596 1788 627 1847 in
662 1788 882 1865 spissitudinem
917 1809 1026 1866 parvae
1062 1789 1210 1851 humanae

191 1879 323 1935 statinae
339 1878 452 1953 crescit,
469 1895 624 1955 quousque
640 1877 790 1955 scriptura
806 1880 953 1955 creatoris,
969 1899 1044 1956 quae
1059 1878 1210 1940 hominem

192 1966 344 2043 formavit,
377 1967 500 2026 eandem
533 1966 754 2043 spissitudinem
781 1969 925 2027 humanae
953 1973 1084 2029 staturae
1112 1973 1209 2029 totam

151 2055 357 2130 soperfundit‚
391 2056 639 2132 quemadmodum
664 2057 747 2116 faber
769 2056 880 2117 elatum
904 2075 955 2117 vas
978 2076 1066 2116 snum
1089 2059 1209 2120 format.

191 2141 267 2202 Nam
301 2145 332 2202 in
367 2146 597 2223 transgressione
631 2145 715 2204 Adae
748 2145 896 2207 fortitudo
928 2146 986 2206 viri
1019 2147 1051 2206 in
1085 2149 1210 2224 genitali

191 2233 324 2292 membro
347 2252 451 2294 versus
474 2238 519 2294 est
540 2235 571 2293 in
594 2252 769 2294 venenosam
792 2253 936 2311 spumam,
960 2237 1050 2312 atque
1073 2238 1208 2297 mulieris

191 2322 311 2397 sanguis
343 2341 447 2382 versus
477 2326 521 2382 est
551 2323 582 2382 in
615 2325 793 2383 contrariam
824 2325 1005 2388 effusionem.
1056 2325 1101 2384 De
1133 2327 1207 2386 forti

191 2411 270 2470 enim
297 2415 327 2470 et
355 2411 390 2470 de
420 2414 501 2472 recta
530 2414 640 2471 natura
669 2413 728 2474 viri
750 2414 870 2491 sanguis
898 2415 962 2474 eius
989 2431 1087 2474 semen
1109 2415 1207 2488 habet,

151 2510 179 2556 25
193 2501 264 2577 quia
299 2500 334 2560 de
366 2504 446 2560 terra
479 2519 547 2562 caro
582 2502 679 2562 factus
713 2505 766 2564 est.
821 2502 877 2562 Sed
909 2503 945 2562 de
982 2507 1063 2563 recta
1100 2508 1209 2564 natura

191 2589 324 2649 mulieris
351 2591 472 2668 sanguis
498 2591 574 2668 eius,
610 2591 681 2669 quia
704 2592 810 2652 debilis
833 2595 863 2652 et
889 2593 988 2652 tenuis
1016 2597 1073 2666 est,
1108 2611 1208 2653 semen

190 2697 249 2738 non
271 2679 368 2756 habet,
391 2680 441 2739 sed
464 2682 582 2739 tantum
603 2684 724 2740 tenuem
746 2684 776 2740 et
797 2701 920 2760 parvam
936 2701 1072 2758 spumam
1087 2683 1207 2756 emittit,

192 2768 333 2844 quoniam
360 2768 396 2828 de
424 2770 541 2829 duobus
568 2769 664 2829 modis
694 2773 791 2830 terrae
823 2774 853 2830 et
881 2773 976 2830 carnis
999 2775 1136 2844 nonest,
1171 2776 1208 2831 ut

190 2859 245 2932 vir,
268 2857 319 2916 sed
342 2861 461 2916 tantum
484 2858 519 2917 de
542 2877 629 2918 earne
651 2859 709 2919 viri
732 2863 852 2936 sumpta
874 2863 930 2933 est;
961 2864 990 2920 et
1012 2861 1079 2919 ideo
1100 2859 1207 2920 debilis

151 2955 179 3000 30
192 2949 222 3005 et
244 2946 361 3024 fragilis
385 2950 429 3007 est
452 2950 483 3006 et
504 2966 555 3008 vas
578 2949 636 3008 viri
660 2952 714 3008 eat.
759 2949 799 3007 Et
822 2949 857 3008 de
882 2965 980 3008 amore
1003 2949 1062 3010 viri
1085 2950 1209 3026 sangnis

191 3037 254 3095 eius
277 3036 449 3096 concutitur
472 3039 502 3096 et
523 3037 608 3098 velut
630 3056 779 3114 spumam,
811 3038 861 3097 sed
891 3039 985 3116 magis
1015 3038 1207 3116 sanguineam

192 3143 281 3201 quam
303 3125 409 3197 albam,
433 3126 470 3184 ad
491 3145 588 3186 semen
612 3127 671 3186 viri
694 3127 813 3204 emittit,
837 3147 913 3204 quae
934 3147 964 3188 se
986 3128 1032 3186 illi
1052 3127 1208 3205 coniungit
1332 3208 1333 3215 ἵ

190 3218 220 3274 εὴ
243 3233 318 3290 quae
341 3214 418 3274 illud
441 3215 571 3274 calidum
603 3218 633 3275 et
660 3216 856 3292 sanguineum
887 3218 960 3278 facit
987 3221 1018 3276 et
1049 3217 1206 3280 confortat.

190 3301 265 3362 Nam
287 3306 448 3380 postquam
470 3305 502 3363 in
523 3304 623 3364 locum
639 3323 729 3364 suum
744 3306 882 3366 ceciderit
898 3309 928 3365 et
942 3307 1074 3381 iacuerit,
1097 3305 1204 3383 friges·

150 3401 177 3448 35
191 3393 239 3458 cit.
284 3392 409 3452 'littam
431 3392 484 3451 diu
508 3393 594 3472 quasi
621 3412 765 3454 venenosa
790 3413 896 3471 spuma
923 3399 980 3466 est,
1008 3413 1104 3471 usque
1133 3394 1206 3453 dum

190 3482 275 3560 ignis,
299 3481 438 3542 videlicet
462 3483 551 3559 calor,
574 3482 652 3542 illud
676 3484 817 3558 calefacit,
841 3488 871 3544 et
893 3484 966 3543 dum
987 3502 1044 3559 aer,
1067 3483 1205 3542 videlicet

191 3572 346 3650 spiramen,
359 3573 436 3631 illud
449 3573 582 3650 exsiccat,
594 3576 625 3632 et
637 3573 710 3632 dnm
721 3593 807 3650 aqua,
820 3574 931 3633 scilicet
941 3573 1026 3645 fluor,
1041 3572 1088 3630 illi
1099 3587 1206 3647 puram
