2668 3924
401 185 609 242 causarer
629 185 836 247 cuamme.
856 187 887 242 v.
1086 193 1149 252 229
1261 214 1265 232 .

132 371 234 430 eadem
265 372 352 430 urina
381 371 411 432 in
442 371 556 430 urinale
583 373 700 432 noviter
722 373 841 446 excepta
864 374 909 430 est
930 374 960 430 et
982 371 1075 430 rubea
1098 372 1150 444 est,

132 461 158 519 si
171 464 244 521 tunc
261 460 368 520 deinde
383 460 569 536 aliquantum
585 461 617 518 in
631 461 777 536 pallorem
791 462 936 532 mutatur,
960 464 990 520 et
1012 460 1038 520 si
1061 461 1151 520 etiam

132 551 165 608 in
189 569 223 610 ea
246 550 328 609 varia
350 549 522 608 liniamenta
540 553 577 608 ut
596 551 720 610 venulae
742 552 893 626 apparent,
917 550 1029 610 scilicet
1043 549 1151 608 rubeae

133 641 163 697 et
195 657 323 714 aquosae
351 657 385 697 ac
411 639 565 698 turbidae:
600 639 719 716 signum
741 640 847 700 mortis
871 641 922 714 cst,
946 642 976 699 et
997 639 1151 702 morietur.

125 726 208 786 'Nam
231 729 326 800 urina,
350 746 427 804 quas
448 730 571 804 propter
598 727 732 788 ardorem
760 730 790 787 et
817 728 945 787 calorem
966 728 1074 787 eisdem
1096 727 1178 790 has

133 818 220 878 minis
242 816 333 876 rubea
356 819 408 888 est,
432 817 510 876 siin
533 817 677 892 pallorem
699 818 835 892 vertitur,
862 818 940 877 vires
968 816 1151 876 fortitudinis

133 905 238 965 caloris
261 905 298 964 ad
321 904 444 980 plenum
466 925 524 964 non
547 905 642 976 habet,
667 907 808 982 quoniam
828 907 909 964 idem
922 906 1011 965 homo
1026 906 1151 965 interius

132 995 326 1072 infrigidatus
358 999 414 1066 est3
445 997 474 1054 ct
505 999 577 1054 tunc
604 996 691 1055 etiam
723 996 806 1055 varia
837 995 1009 1055 liniamenta
1041 995 1151 1055 diversi

132 1083 239 1144 coloris
262 1085 293 1143 in
319 1085 408 1142 urina
438 1084 491 1142 illa
522 1086 673 1160 apparent,
703 1085 799 1160 quod¹
815 1084 952 1144 humores
985 1085 1017 1142 in
1048 1083 1150 1144 eodem

133 1174 251 1233 homine
268 1173 445 1232 abinvicem
460 1176 641 1248 separantur,
651 1175 704 1250 qui
714 1175 843 1238 diversos
860 1173 971 1233 colores
986 1173 1150 1232 secundum
1164 1182 1191 1226 10

132 1263 230 1322 officia
252 1281 307 1321 sua
329 1262 451 1334 habent3
474 1262 586 1322 scilicet
608 1263 702 1334 rubei,
726 1262 868 1339 quoniam
888 1263 968 1323 calor
982 1266 1012 1322 ot
1031 1262 1155 1339 sanguis.

134 1373 150 1410 a
174 1351 315 1428 frigidata
338 1354 521 1427 separantur,
546 1353 649 1428 aquosi
672 1356 780 1428 autem,
804 1352 889 1428 quod
898 1352 968 1412 tabo
984 1355 1015 1412 ct
1030 1351 1150 1429 sanguis

114 1441 168 1500 'dc
203 1441 347 1517 sanguine
375 1445 406 1500 et
433 1440 469 1499 de
501 1440 598 1500 calore
625 1440 741 1512 secedit,
769 1441 884 1500 turbidi
906 1460 986 1516 vero,
1010 1440 1149 1517 quoniam

132 1530 310 1589 melancolia
332 1533 362 1590 st
385 1530 495 1588 similes
510 1529 648 1589 humores
663 1531 699 1589 ab
714 1531 841 1590 invicem
855 1534 1039 1606 separantur.
1062 1529 1150 1602 Quod

131 1619 156 1678 si
191 1618 292 1678 eadem
326 1619 413 1677 urina
446 1619 529 1678 varia
562 1619 734 1678 liniamenta
768 1639 785 1676 a
819 1619 942 1680 diversis
972 1620 1190 1682 humoribuslo

129 1709 231 1779 habet,
274 1704 324 1766 sed
345 1708 385 1773 ,si
424 1709 455 1766 iu
494 1728 528 1767 ea
565 1708 657 1768 rubea
694 1709 865 1768 liniamenta
901 1726 962 1767 non
1001 1709 1147 1780 videntur,

130 1798 250 1874 sanguis
274 1801 305 1856 et
328 1797 408 1856 calor
431 1799 494 1856 eius
518 1796 614 1856 adhuc
630 1798 782 1858 commixti
797 1800 868 1858 sunt
883 1801 912 1856 et
927 1815 986 1856 non
1007 1799 1148 1873 separati;

132 1887 211 1945 uude
234 1887 323 1945 etiam
346 1885 442 1945 adhuc
464 1887 558 1946 vitam
581 1887 723 1959 ostendit3
754 1887 805 1946 sed
832 1886 921 1946 homo
944 1886 995 1946 ille
1018 1888 1149 1946 muitum

131 1976 212 2035 dolet
235 1978 265 2034 et
286 1979 414 2034 mortem
436 1975 485 2034 vix
508 1976 621 2039 evadet.

201 2066 279 2124 Itcm
301 2065 337 2124 de
359 2068 520 2138 quartana.
566 2065 624 2135 Qui
647 2083 716 2125 vcro
740 2066 899 2140 quartanas
927 2064 1023 2124 febres
1050 2064 1147 2141 habet,
1161 2073 1189 2119 20

131 2155 157 2214 si
186 2155 274 2214 urina
305 2154 368 2214 aius
398 2155 491 2229 spissa
518 2156 620 2213 estet
646 2154 739 2213 rubea
770 2157 801 2214 ot
827 2154 852 2212 si
875 2155 956 2212 varia
978 2153 1149 2213 liniamenta

132 2244 164 2302 in
187 2262 221 2301 aa
244 2245 386 2318 apparant
407 2248 444 2302 ut
465 2262 568 2302 venae:
593 2243 680 2302 homo
700 2243 751 2302 ilie
775 2243 865 2314 dolat,
889 2244 933 2304 ita
948 2243 1030 2323 quod
1047 2243 1148 2302 aridus

131 2333 180 2408 fit,
209 2331 259 2390 sed
282 2335 381 2391 temen
405 2332 493 2393 vivet.
538 2329 614 2390 Nam
637 2333 662 2390 si
683 2332 770 2390 urina
791 2331 921 2392 hominis
943 2331 1033 2391 huius
1055 2331 1149 2407 spissa

131 2426 189 2496 est,
222 2421 347 2497 digestio
376 2421 439 2480 eius
470 2421 506 2478 ad
533 2422 649 2480 urinam
674 2440 705 2480 sc
742 2421 917 2494 commiscet,
946 2423 975 2480 et
1001 2421 1067 2480 ideo
1095 2420 1148 2480 illa

131 2511 320 2586 inspissatur;
361 2512 393 2568 et
425 2510 450 2568 si
484 2510 576 2570 rubea
609 2514 661 2587 est,
696 2510 777 2570 calor
811 2509 908 2569 adhuc
940 2511 971 2568 in
1005 2510 1147 2586 sanguine
1160 2517 1188 2564 25

131 2601 231 2657 manet
267 2618 319 2658 nco
355 2617 386 2658 se
429 2619 446 2656 a
484 2600 629 2676 sanguine
671 2602 796 2675 separat.
837 2597 888 2658 .Si
928 2601 1028 2658 autem
1064 2599 1147 2658 varia

131 2688 301 2746 liniamenta
331 2688 431 2758 habet,
471 2688 578 2747 diversi
604 2688 743 2747 humores
763 2689 860 2747 adhuc
890 2687 946 2747 sibi
976 2686 1146 2760 cohaerent3

132 2781 162 2836 et
183 2776 227 2834 ita
248 2776 336 2835 homo
358 2777 408 2835 ille
431 2777 467 2836 de
488 2777 712 2838 infirmitatibus
732 2777 797 2836 istis
814 2777 935 2854 quidem
958 2777 1071 2851 arescit,
1095 2777 1147 2836 sed

132 2869 241 2939 tamen,
265 2865 345 2940 quod
367 2866 476 2925 solutio
499 2866 661 2925 humorum
683 2867 714 2925 in
738 2885 772 2925 eo
795 2867 927 2925 nondum
956 2869 1013 2938 eet,
1047 2867 1145 2928 vivere

130 2955 252 3030 poterit.
1158 2963 1187 3008 uo

200 3043 354 3118 Deciano
376 3045 535 3103 mortisia
558 3045 660 3106 urina.
691 3044 723 3104 Si
745 3047 844 3103 autem
867 3047 954 3104 urina
972 3043 1065 3104 fuerit
1079 3044 1146 3104 alba

130 3135 168 3192 ut
189 3151 334 3194 venenum
356 3136 386 3190 ct
407 3133 511 3192 similis
539 3133 695 3210 coagulato
723 3133 793 3194 lacti
822 3138 852 3192 et
878 3135 903 3192 si
927 3135 956 3192 in
979 3132 1076 3192 medio
1099 3133 1145 3192 sui

132 3221 306 3282 estsimilis
333 3222 419 3298 nubi,
452 3241 527 3299 quae
558 3241 710 3299 purpurea
742 3226 772 3282 et
799 3222 865 3281 alba
897 3225 987 3299 atque
1024 3220 1145 3281 turbida

131 3316 188 3371 est:
211 3312 330 3386 signum
351 3312 458 3371 mortis
481 3315 533 3386 est,
558 3315 588 3370 et
610 3311 762 3371 morietur.
802 3311 895 3370 Urina
918 3312 995 3370 enim
1018 3311 1087 3369 alba
1109 3314 1145 3369 ut

131 3420 277 3460 venenum
299 3405 329 3459 et
351 3399 455 3460 similis
477 3402 634 3478 coagulato
650 3401 720 3459 lacti
735 3400 872 3476 ostendit,
896 3401 977 3476 quod
999 3400 1144 3459 naturalis
1157 3405 1185 3452 ³5

9 3540 10 3559 ,
131 3491 211 3549 calor
234 3489 270 3548 ab
295 3489 397 3548 eodem
419 3489 537 3548 homine
560 3490 686 3564 recessit,
715 3493 898 3566 quapropter
920 3492 949 3548 et
971 3489 1058 3548 urina
1081 3489 1144 3548 aius

9 3579 10 3592 ¹
131 3580 198 3638 alba
221 3557 276 3651 e'st3
300 3581 329 3638 et
351 3580 417 3638 idco
441 3579 531 3636 stiam
556 3597 705 3654 venenosa,
734 3597 809 3655 quae
832 3579 863 3637 iu
885 3577 1060 3637 humoribus
1084 3577 1144 3636 illis
