2668 3924
193 189 255 248 234
579 157 824 238 nlnononnors

191 367 278 443 velet,
312 368 392 444 quod
420 387 474 444 per
496 368 572 428 illud
600 368 669 444 plue
691 367 808 427 aridum
837 386 868 426 se
891 357 984 428 feroit.¹
1016 367 1067 426 Illi
1099 371 1212 441 sulem,

192 456 245 533 qui
266 456 392 534 pingues
420 475 520 516 cernes
542 457 639 529 hebet,
662 476 762 516 essum
784 456 922 517 balneum
945 457 1057 516 bonnm
1081 462 1111 517 et
1132 459 1213 518 utile

190 548 242 620 est„
266 546 407 621 qnoniam
429 547 576 617 humores,
586 549 588 554 '
600 547 653 623 qui
674 546 785 622 inipso
801 547 943 622 superflui
960 549 1040 622 suni„
1062 565 1116 622 per
1130 547 1211 606 illud

192 636 351 710 compesuit
382 640 413 695 et
443 636 562 697 minuit.
606 635 663 694 Sed
695 638 725 694 et
756 635 815 710 illi,
847 635 900 711 qui
932 636 1120 710 uiryiohdiolr
1151 642 1206 711 est„

164 724 296 783 sbalnee
318 743 387 784 oum
408 725 511 801 ignitis
533 725 684 801 lapidibus
711 728 845 801 prosunt,
874 725 954 800 quod
976 725 1125 801 humores,
1155 725 1211 802 qni

189 813 221 871 in
242 813 307 889 ipso
332 832 447 891 semper
466 815 636 891 insurgens,
659 833 713 889 per
737 831 834 873 essum
856 814 995 874 balneum
1019 815 1211 890 aliquantum

191 904 435 978 comprimuntur.
466 901 523 962 Sed
547 904 583 962 de
608 903 711 962 balneo
735 921 880 978 aquenum
894 903 1049 980 insurgere
1071 907 1102 962 el
1120 905 1212 964 salire

190 993 221 1050 in
243 993 387 1052 iniustum
419 993 540 1052 modum
564 992 751 1080 aliquantum
782 993 938 1068 incipiunt,
971 995 1112 1070 quonism
1140 1011 1210 1052 osro

191 1083 222 1139 el
243 1083 364 1158 sanguis
388 1101 422 1142 so
445 1100 534 1142 venue
557 1081 687 1153 illorum,
721 1081 773 1158 qui
795 1082 980 1156 uirgiolrdiolr
1001 1086 1079 1157 sunl,
1108 1083 1138 1140 in
1162 1083 1208 1140 in·

151 1185 178 1227 10
191 1170 384 1230 slsbilitetem
408 1170 624 1245 diffunduntur,
647 1171 679 1230 id
703 1173 748 1230 esi
768 1171 919 1231 reuloziol.
957 1170 1084 1247 Lepidos
1107 1173 1210 1230 autem

192 1261 291 1336 ignem
313 1264 344 1320 ei
367 1260 498 1320 diversos
520 1261 659 1319 humores
682 1261 713 1318 in
736 1278 766 1319 se
781 1260 898 1322 habent.
943 1261 984 1319 ut
1005 1261 1031 1320 si
1053 1261 1084 1318 in
1107 1260 1209 1337 ignem

191 1352 355 1424 ponuntur,
378 1349 543 1408 humiditas
565 1349 597 1406 in
621 1349 661 1408 eis
684 1349 815 1425 perfecte
837 1350 951 1408 auferri
972 1367 1032 1408 uon
1047 1352 1155 1426 polest,
1179 1353 1211 1408 ei

190 1438 256 1497 ideo
279 1457 340 1497 non
362 1442 408 1497 est
428 1438 558 1496 sonabile
581 1456 678 1497 essum
702 1439 841 1498 balneum
864 1457 932 1498 eum
955 1439 997 1497 eis
1020 1439 1124 1514 foosro,
1156 1439 1209 1498 sed

191 1527 286 1586 mulio
310 1527 460 1586 salubrius
483 1531 527 1587 est
549 1545 616 1586 oum
640 1527 792 1602 luteribus,
815 1527 896 1604 quod
919 1528 977 1604 ipsi
992 1528 1069 1587 oooti
1085 1530 1116 1586 el
1131 1529 1210 1586 aridi

150 1627 178 1673 15
192 1619 269 1686 sunl,
292 1617 335 1674 ile
358 1616 438 1693 quod
460 1616 607 1690 humores,
639 1617 692 1694 qui
722 1617 754 1676 in
781 1617 822 1676 eis
845 1621 936 1688 erant,
968 1636 1022 1693 per
1045 1616 1210 1676 coctionem

190 1706 267 1782 ignis
297 1707 329 1764 in
363 1706 434 1782 ipsis
467 1706 634 1781 consumpti
663 1711 694 1766 et
716 1706 808 1766 oblati
831 1709 910 1768 sunl.
956 1705 1041 1764 Unde
1065 1706 1208 1781 quiesse

190 1794 294 1853 balneo
324 1796 417 1854 levari
448 1795 524 1870 vult,
555 1795 632 1854 illud
654 1795 799 1855 lateribus
822 1795 926 1867 feoisl3
951 1795 1032 1872 quod
1054 1795 1079 1853 si
1100 1795 1209 1854 luteres

191 1883 297 1943 hebere
320 1903 379 1944 non
402 1886 509 1960 polest,
532 1887 604 1944 luno
624 1885 784 1959 grizstoo'oo
807 1884 940 1960 sooipiei,
965 1885 1045 1960 quod
1067 1883 1113 1942 illi
1137 1902 1209 1944 sue·
1322 1877 1323 1934 i

189 1973 302 2033 viorem
323 1975 422 2051 ignem
445 1977 477 2032 el
491 1974 640 2033 suaviores
661 1973 799 2032 humores
822 1974 854 2031 in
877 1993 907 2032 se
925 1974 1036 2033 hebeni
1050 1991 1141 2049 quem
1155 1973 1212 2032 alii

151 2062 315 2137 oolepides3
344 2063 395 2122 ssd
417 2064 542 2122 wacken
564 2081 623 2122 non
647 2063 781 2138 eooipinl,
805 2063 885 2138 quod
908 2063 955 2121 illi
979 2064 1085 2122 sortem
1107 2062 1210 2138 ignem

188 2153 219 2210 in
237 2170 267 2210 se
282 2151 392 2212 hebeni
408 2155 438 2211 ol
455 2152 535 2228 quod
555 2152 678 2211 diversis
690 2152 864 2211 humoribus
875 2153 906 2209 in
916 2172 995 2228 sque
1005 2151 1112 2225 repleti
1129 2157 1211 2214 sunl.

256 2239 311 2320 [De
340 2241 492 2301 oculorum
526 2241 707 2303 diversitate.
753 2241 811 2310 oui
833 2241 945 2319 griseos
978 2243 1078 2300 oculos
1106 2240 1208 2314 hebet,
1321 2235 1322 2303 ζ

188 2330 337 2389 inlordum
359 2330 446 2401 levis,
469 2331 620 2390 interdum
642 2348 782 2407 prseoeps
809 2334 863 2390 sul
890 2331 976 2390 valde
1003 2329 1131 2390 lasciue
1154 2335 1211 2391 sul

188 2419 290 2479 tardus
314 2422 368 2478 aul
394 2420 426 2478 in
454 2419 586 2479 moribus
613 2420 674 2478 suis
702 2420 916 2496 incompositus
945 2423 1003 2496 est,
1035 2419 1085 2478 sed
1106 2422 1210 2480 lemen

149 2519 177 2565 25
190 2509 296 2580 omnis,
319 2528 394 2585 ques
417 2510 496 2584 funii,
519 2509 653 2585 probiter
674 2509 798 2584 perficit.

257 2645 381 2661 ......
436 2598 494 2668 oui
521 2599 623 2674 igneos
652 2600 752 2657 oeulos
780 2597 884 2672 hebet,
918 2598 970 2673 qui
999 2597 1108 2657 similes
1135 2603 1211 2659 suni
1320 2623 1321 2669 3

189 2688 290 2763 nigrae
312 2689 385 2746 nubi
407 2689 491 2746 iuris
512 2688 604 2746 solem
631 2688 722 2761 siloe,
753 2687 808 2747 isle
831 2687 961 2763 prudens
984 2690 1014 2746 et
1037 2691 1141 2746 eoulns
1163 2687 1210 2747 in-

189 2777 275 2852 genio
299 2794 332 2834 eo
353 2776 514 2836 iracundus
537 2780 590 2837 esi.

277 2865 354 2924 Item
377 2866 412 2925 de
435 2866 536 2927 oculis.
582 2865 640 2935 Qui
663 2865 766 2925 oeulos
787 2865 877 2925 hebel
899 2865 1009 2924 similes
1036 2865 1122 2940 nubi,
1152 2866 1211 2925 ubi
1319 2921 1320 2924 ,

150 2965 178 3011 30
191 2953 243 3012 iris
266 2957 397 3030 apparel,
419 2955 469 3014 hio
491 2955 677 3030 aliquantum
701 2954 846 3014 instabilis
868 2959 926 3031 est,
956 2953 1094 3014 videlieet
1115 2953 1209 3013 inter·
1319 2967 1320 3037 ᾗ

191 3043 263 3102 dum
284 3043 392 3115 tristis,
420 3045 571 3103 interdum
593 3044 702 3118 laetus,
734 3045 785 3103 sed
807 3047 906 3103 lemen
934 3044 966 3102 in
987 3041 1120 3103 moribus
1143 3045 1210 3105 suis

190 3132 331 3192 honestus
354 3136 405 3193 est.
1318 3179 1319 3182 ¹

278 3222 364 3282 Item.
413 3222 471 3292 Qui
494 3223 594 3282 oeulos
622 3223 712 3282 hebet
738 3223 848 3282 similes
875 3222 1013 3282 imbidee
1045 3221 1119 3281 nubi
1151 3243 1209 3284 neo

191 3311 228 3370 sd
250 3311 371 3387 plenum
386 3312 490 3389 igneos
504 3331 557 3372 neo
573 3312 609 3371 erl
629 3313 752 3388 plenum
765 3313 912 3388 turbidus,
929 3311 981 3372 esd
1006 3315 1124 3387 (quse)
1150 3314 1207 3372 eli·
1318 3313 1319 3330 ¹

151 3403 337 3476 sequentum
364 3402 470 3479 glauca
497 3404 553 3474 osi,
582 3403 639 3462 iste
666 3402 813 3461 instabilis
841 3404 871 3461 el
900 3402 973 3461 levis
1004 3401 1035 3460 in
1067 3401 1205 3464 moribus

191 3491 252 3549 suis
275 3494 321 3550 esl
343 3499 373 3550 st
396 3494 521 3563 astutus,
544 3491 595 3550 sed
616 3495 716 3551 lemen
737 3509 829 3566 oepex
844 3491 875 3551 in
894 3489 1042 3567 operibus,
1064 3491 1108 3550 ile
1122 3494 1208 3568 quod

191 3598 325 3654 quaeque
350 3599 439 3656 opere
461 3581 561 3657 nescii,
584 3581 671 3640 facile
694 3581 827 3655 sopiret
849 3580 967 3642 retinet.
