2668 3924
361 137 503 194 causac
521 138 567 193 ET
586 138 706 194 CURAE
724 139 791 197 LIB.
810 139 858 194 lV.
1056 144 1118 204 199

99 326 166 383 rius
188 326 303 400 tangat,
327 326 357 381 et
380 322 507 398 desuper
530 341 626 399 panno
650 323 724 400 liget
745 324 807 382 fere
829 342 925 399 usque
941 324 978 382 ad
993 323 1120 382 mediam

99 415 219 473 noctem
241 417 272 472 et
294 415 367 470 tunc
390 411 513 472 auferat.
545 411 610 470 Hoc
633 412 712 471 facto
735 432 805 470 mox
828 414 940 488 optimo
969 415 999 472 et
1020 413 1117 489 puris-

100 504 176 562 simo
200 503 269 562 vino
293 501 362 562 cilia
385 502 540 560 oculorum
563 501 677 560 modice
694 501 899 564 circumliniat.
945 501 1022 560 Nam
1040 503 1121 562 calor·

99 591 253 651 millefolii
287 594 372 657 senat
405 594 435 649 et
464 608 568 650 succus
602 591 665 649 eius
700 591 886 665 aliquantum
918 610 984 650 acer
1016 595 1060 651 est
1091 597 1120 650 et

100 682 204 740 ulcera
231 680 364 750 mundet,
397 682 427 738 et
451 679 645 755 quodetiam
667 680 771 739 vinum
794 680 924 738 calidum
947 682 1147 740 estabelis

101 775 249 847 quantum
272 787 374 828 eorum
397 771 449 843 est,
473 769 667 828 acerbitatem
689 769 768 828 succi
791 769 939 828 millefolii
960 770 1067 844 aufert,
1090 776 1120 830 et

100 861 143 919 sic
167 859 247 918 oculi
269 865 420 920 sanantur.

20 931 22 948 '
173 949 218 1008 ce
240 949 308 1006 rasa
331 947 532 1010 immoderato.
579 947 638 1018 our
661 948 758 1006 multo
782 950 812 1006 a
834 947 1029 1007 immoderato
1057 949 1120 1007 rau

20 1049 21 1100 ἕ
102 1040 204 1096 motus
227 1040 258 1096 et
281 1053 441 1096 concussus
463 1035 552 1111 dolet,
584 1055 689 1096 nucem
720 1038 883 1096 muscatam
904 1037 1070 1112 pulverizet
1090 1041 1121 1096 et

20 1129 21 1136 ’
103 1127 175 1186 hnic
198 1126 244 1185 bie
267 1125 366 1185 minus
388 1126 503 1184 zuccari
519 1124 610 1184 addat
631 1130 662 1184 et
683 1126 725 1184 sic
748 1126 888 1185 calefacto
903 1127 972 1185 vino
987 1127 1121 1202 imponet
1134 1133 1160 1178 1⁰

103 1219 132 1274 et
154 1215 233 1274 illud
255 1219 317 1274 tem
345 1215 463 1274 ieiunus
491 1233 582 1291 quam
609 1233 734 1289 pransus
765 1214 857 1274 bibet.
903 1215 1120 1275 Immcderatus

20 1325 21 1380 p
103 1305 182 1363 enim
206 1305 284 1364 risus
306 1305 478 1379 pulmonem
500 1304 622 1365 arefacit
644 1307 674 1364 et
695 1305 778 1364 iecur
801 1306 943 1380 concutit,
967 1306 1018 1364 sed
1040 1306 1120 1365 calor

103 1395 188 1453 nucis
211 1395 360 1453 muscatae
382 1394 464 1452 iecur
486 1397 579 1468 senet,
603 1396 633 1452 et
655 1395 736 1452 calor
759 1397 789 1452 et
804 1413 909 1454 succus
925 1395 1040 1454 zuccari
1054 1396 1120 1471 pul·

20 1467 22 1492 '
104 1502 222 1542 monem
245 1486 376 1543 renovat.
421 1482 462 1540 Et
494 1501 562 1541 cum
593 1483 665 1542 haec
698 1484 822 1542 alterato
846 1485 942 1544 calore
964 1485 1027 1544 vini
1048 1487 1120 1544 tem·

103 1577 246 1648 parantur
262 1576 292 1630 et
307 1572 350 1630 ita
370 1574 539 1644 sumuntur,
561 1571 654 1632 bonos
669 1571 809 1631 humores
824 1593 878 1648 per
892 1575 1120 1633 immoderatum
1133 1580 1160 1624 15

103 1663 197 1720 risum
220 1661 387 1720 destructos
409 1661 589 1721 restituunt:

169 1751 215 1810 Dc
237 1751 384 1810 ebrietate.
429 1749 472 1808 Ut
506 1749 604 1809 ebrius
639 1751 676 1809 ad
710 1769 740 1809 se
778 1749 888 1827 redeat,
926 1751 1119 1811 caniculetam

103 1840 191 1898 tollet
213 1844 244 1898 et
271 1858 335 1898 eam
357 1840 389 1898 in
418 1839 559 1916 frigidam
587 1859 695 1916 aquam
729 1842 821 1916 ponat
854 1845 884 1899 et
917 1859 985 1899 cum
1019 1841 1120 1900 eadem

20 1977 21 1980 ,
103 1948 181 2004 aqua
205 1930 335 1987 ftontem
358 1932 389 1987 et
410 1931 545 2004 tempora
569 1948 602 1988 ac
625 1931 733 2005 guttur
756 1948 843 1988 suum
873 1929 1059 2005 madefaciat,
1090 1934 1120 1989 et
1270 2004 1272 2008 Ι

103 2017 141 2075 ed
164 2037 193 2076 se
216 2017 369 2077 redeundo
392 2018 496 2076 melius
518 2017 648 2090 habebit,
673 2018 755 2094 quod
778 2036 846 2077 cum
869 2018 1020 2095 frigiditas
1040 2019 1117 2078 cani·
1131 2027 1160 2072 ‘lc

104 2107 221 2166 culatee
244 2107 406 2183 frigiditati
430 2126 522 2182 aquae
539 2107 739 2183 coniungitur,
762 2108 923 2182 procellam
938 2111 968 2166 et
984 2108 1118 2179 calorem,

103 2197 157 2270 qui
179 2197 211 2254 in
239 2196 320 2256 venis
355 2197 463 2255 frontis
497 2199 527 2254 et
549 2201 719 2272 temporum
752 2197 880 2256 hominis
914 2200 994 2272 sunt,
1029 2197 1118 2260 sedat.

102 2285 190 2355 Quod
224 2285 249 2344 si
283 2286 314 2343 in
337 2289 480 2344 autumno
510 2287 562 2360 est,
598 2285 634 2344 de
665 2285 757 2345 crude
785 2287 847 2346 vite
875 2287 1029 2363 palmitem
1051 2306 1119 2346 cum

104 2374 271 2433 recentibus
295 2374 376 2433 foliis
399 2375 526 2449 accipiet
548 2378 579 2434 et
601 2375 693 2434 fronti
709 2378 740 2434 et
754 2376 938 2451 temporibus
954 2395 987 2434 ac
1002 2377 1120 2452 gutturi

107 2481 160 2522 suo
186 2465 398 2539 circumponet,
423 2468 453 2522 et
474 2463 710 2541 refrigerabitur,
741 2465 881 2540 quoniam
908 2466 1002 2523 maior
1024 2465 1119 2524 virtus
1132 2473 1160 2518 25

103 2571 138 2611 ec
160 2554 296 2628 tempore
319 2553 350 2611 in
373 2553 547 2628 palmitibus
570 2553 641 2612 vitis
665 2556 710 2612 est
733 2573 821 2629 quam
845 2553 904 2612 alio
924 2557 1065 2628 tempore,
1090 2560 1119 2612 et

104 2641 170 2700 ideo
194 2646 266 2701 tunc
288 2645 412 2717 propter
435 2644 572 2700 naturam
596 2646 626 2701 et
649 2643 856 2718 cognationem
878 2642 940 2702 vini
959 2643 1119 2718 procellam

104 2735 134 2788 et
156 2731 381 2790 inundationem
404 2731 481 2806 vini,
510 2733 641 2807 quaein
663 2731 746 2791 venis
768 2732 874 2790 frontis
897 2735 928 2790 et
949 2735 1119 2808 temporum

104 2838 137 2878 ac
168 2821 302 2896 gutturis
332 2820 460 2879 hominis
488 2823 565 2892 sunt,
596 2821 724 2898 mitigat.
769 2820 801 2878 Si
823 2821 922 2879 omnia
943 2821 1016 2880 haec
1037 2841 1118 2897 prae·

105 2909 183 2967 dicta
213 2909 320 2968 habere
350 2928 410 2968 non
442 2909 562 2985 poterit,
594 2910 759 2969 feniculum
788 2911 836 2969 vel
868 2929 966 2969 semen
998 2911 1159 2970 feniculiec

105 2997 249 3074 comedat,
273 3002 303 3058 et
326 2998 421 3057 lecim
443 2998 571 3070 habebit,
596 3000 677 3075 quod
711 2999 810 3059 suavis
844 2999 923 3059 calor
957 3002 987 3058 et
1020 3001 1119 3061 suevis

106 3089 201 3146 virtus
224 3087 345 3147 feniculi
368 3086 513 3147 insaniam
534 3088 597 3146 vini
620 3088 650 3146 in
673 3089 737 3165 ipso
762 3089 931 3164 compescit.

170 3176 222 3234 Aa
244 3179 393 3236 cerritum.
427 3171 809 3257 1)cui›nauaiampatieur,
832 3179 974 3237 ciminum
994 3179 1119 3254 accipiat

106 3271 135 3324 et
167 3265 204 3323 ad
238 3266 301 3326 eius
335 3267 456 3324 tertiam
488 3269 603 3341 partem
625 3267 711 3342 piper
739 3270 829 3343 atque
856 3267 1014 3326 bibinellae
1036 3269 1119 3327 velut

107 3357 241 3429 quartam
268 3359 384 3430 partem
408 3355 508 3414 cimini
535 3359 565 3414 et
588 3355 660 3415 haec
681 3357 847 3432 pulverizet
870 3359 900 3415 et
923 3375 1030 3432 puram
1049 3357 1116 3416 fari·
1130 3365 1158 3410 3⁵

178 3547 199 3615 1)
218 3565 243 3600 v.
256 3546 355 3616 33-p.
368 3544 454 3611 200‚11
475 3570 509 3589 =
526 3545 623 3615 Migne
644 3545 713 3599 1138
731 3545 762 3599 Β.
