2680 3938
387 165 530 224 crusni*
550 169 596 226 ΕΤ
616 169 738 225 OURAE
755 169 824 226 LIB.
842 169 878 224 11.
1098 177 1139 236 55

190 355 248 428 Qui·
267 372 299 415 se
325 355 519 427 interficiunt.
554 353 612 414 Sed
636 356 662 415 si
684 355 796 416 siccum
819 359 873 415 sut
895 354 1039 432 tepidum,
1064 375 1139 433 quae

113 448 196 504 tunc
218 444 297 506 livor
319 450 390 504 sunt
412 463 533 521 spumae
557 447 588 503 et
609 444 736 521 humidi,
759 463 879 505 cursum
902 463 992 504 suum
1014 463 1138 505 excesse-

114 534 198 606 rint,
232 535 305 593 tunc
338 533 449 592 siccum
484 533 712 611 supergreditur
746 552 883 610 spumam
918 537 949 593 et
981 533 1141 594 humidum

115 625 216 699 atque
238 622 397 699 complicat
419 642 466 695 ee,
495 625 526 682 et
547 623 684 698 tepidum
708 622 780 682 feeit
807 623 971 683 ferventem
994 643 1141 700 aquosum

115 713 242 770 fumum
264 712 296 771 in
318 711 445 783 homine,
468 712 513 771 ite
536 711 721 788 quodhomo
736 711 834 771 illese
849 712 950 787 ipsum
965 712 997 771 in
1012 717 1167 772 mortuns

115 801 308 877 praecipitet,
332 801 390 861 nisi
414 803 467 858 eut
490 821 507 858 c
530 800 584 860 deo
608 805 661 859 eut
684 800 720 860 ab
743 802 913 861 hominibus
935 801 1140 877 prohibeatur.

115 891 162 949 Et
186 889 242 949 iste
265 909 319 950 nec
342 889 379 949 ad
401 891 525 965 plenum
547 909 635 949 senus
658 909 711 950 nec
734 891 770 950 ed
793 892 916 967 plenum
935 891 1070 950 infirmus
1087 895 1138 964 est,

117 979 180 1038 sed
206 981 251 1039 est
282 979 325 1038 ite
359 980 437 1038 inter
468 982 641 1056 utrumque.
690 979 730 1040 Et
762 980 815 1039 diu
844 980 943 1041 vivere
970 981 1081 1056 potest,
1114 981 1140 1039 si

118 1068 291 1128 custodiam
312 1067 410 1129 hebet.

190 1158 236 1217 De
256 1161 349 1232 quito.
394 1157 430 1215 In
452 1176 512 1234 quo
536 1160 636 1217 sutem
658 1158 816 1218 humidum
839 1158 951 1218 siccum
973 1157 1088 1218 excedit
1110 1161 1141 1216 et
1155 1170 1182 1216 ιο

117 1245 260 1322 tepidum
282 1246 394 1306 siccum
417 1250 449 1306 et
468 1264 613 1322 spumam,
637 1266 713 1323 quae
733 1251 845 1308 restent
860 1247 917 1324 hic,
940 1247 1062 1307 adversa
1076 1247 1141 1324 pati

119 1336 223 1412 potest
245 1337 325 1411 apud
353 1354 384 1395 se
410 1335 511 1412 ipsum
534 1339 564 1394 et
587 1336 667 1412 opud
690 1337 763 1396 ulios
784 1335 918 1397 homines
941 1340 971 1396 et
993 1337 1088 1396 tristis
1109 1337 1140 1395 in

118 1428 222 1484 mente
245 1442 299 1484 sue
322 1427 366 1484 eet
389 1427 418 1484 et
441 1443 580 1501 magnam
602 1425 678 1484 irem
700 1445 759 1485 non
784 1425 886 1501 hebet,
917 1425 968 1486 sed
997 1425 1081 1484 utilis
1108 1426 1140 1484 in

118 1513 258 1574 moribus
281 1514 343 1574 suis
366 1517 424 1587 est;
447 1514 497 1573 sed
520 1533 572 1574 nec
594 1515 681 1575 valde
700 1514 835 1574 infirmus
851 1518 903 1591 est,
926 1514 1140 1592 praeterquod

119 1601 284 1679 aliquando
307 1623 325 1661 a
347 1606 443 1680 peste,
472 1622 547 1680 quae
571 1602 682 1663 dicitur
704 1606 805 1682 gutte,
833 1605 993 1680 fatigatum
1022 1608 1051 1664 et
1073 1605 1180 1663 lon-15
1297 1615 1300 1629 ‘

120 1710 234 1770 guerus
258 1692 323 1754 erit.

189 1781 236 1841 Dc
258 1781 460 1844 instabilitate.
510 1779 542 1840 si
571 1785 671 1842 cutem
698 1783 809 1842 siccum
839 1782 887 1841 vel
915 1800 1034 1857 spuma,
1063 1801 1139 1858 quae

119 1875 197 1930 tunc
218 1870 296 1930 livor
318 1873 389 1931 eunt
411 1870 528 1929 humidi
550 1889 584 1930 ec
603 1871 706 1947 tepidi,
730 1871 853 1930 modum
873 1889 962 1929 suum
977 1873 1139 1943 transeunt,

120 1962 237 2019 siccum
270 1979 300 2018 se
333 1979 453 2020 sursum
483 1958 579 2018 tendit
611 1961 641 2019 in
673 1961 740 2032 illo,
774 1963 810 2018 ut
842 1959 932 2018 herba
967 1959 1032 2035 illo,
1064 1978 1140 2035 quae

123 2049 236 2109 dicitur
267 2049 382 2122 retecta,
414 2052 445 2107 et
474 2067 579 2124 spuma
611 2053 698 2124 perot
726 2050 757 2107 in
785 2068 819 2108 eo
848 2067 982 2106 umerum
1008 2050 1137 2121 ructum,
1150 2060 1180 2106 20

123 2141 217 2214 atque
245 2138 286 2198 sic
308 2137 424 2198 faciunt
446 2138 559 2214 pariter
581 2138 612 2196 in
634 2139 699 2214 ipso
722 2138 925 2198 inordinatum
945 2156 1074 2214 cursum,
1097 2137 1141 2197 ite

125 2225 208 2304 quod
230 2227 343 2303 ubique
367 2227 547 2286 discurreret
570 2245 604 2286 ac
627 2247 657 2287 se
679 2231 780 2287 totum
802 2227 994 2303 discerperet,
1023 2226 1049 2285 si
1075 2244 1140 2302 per-

124 2315 306 2377 mitteretur.
357 2317 397 2375 ut
423 2316 505 2375 istud
532 2319 596 2374 tem
623 2317 676 2376 diu
708 2317 797 2376 duret
827 2317 859 2375 in
887 2317 953 2391 ilio,
986 2316 1059 2374 dum
1089 2316 1141 2376 isti

126 2405 234 2465 livores
256 2405 287 2463 in
310 2405 375 2481 ipso
399 2404 583 2467 cessaverint.
618 2404 676 2465 Sed
699 2405 752 2464 diu
776 2406 876 2467 rivere
896 2408 1003 2481 potest,
1027 2405 1052 2464 si
1068 2404 1140 2465 deus

124 2497 155 2553 et
177 2493 310 2554 homines
332 2494 431 2570 ipsum
454 2494 658 2556 custodierint.
1152 2505 1181 2550 25

192 2584 238 2642 De
259 2584 427 2643 iracundis.
464 2582 549 2653 Quod
571 2584 598 2642 si
620 2584 756 2660 tepidum
778 2583 960 2644 transcendit
981 2582 1140 2641 humidum

126 2675 156 2732 et
178 2671 336 2731 humidum
358 2673 469 2732 siccum
492 2675 521 2732 et
544 2691 693 2749 spumam,
720 2672 770 2732 hic
792 2674 880 2732 homo
903 2674 1021 2731 astutus
1043 2675 1088 2732 est
1110 2676 1141 2733 et

125 2779 226 2837 pscem
248 2760 375 2839 fugitet
395 2760 572 2821 discordiam
594 2766 683 2838 etque
704 2762 864 2821 certamine
879 2765 971 2834 amet3
995 2764 1026 2821 et
1040 2761 1140 2822 aridus

126 2851 301 2926 incorpore
324 2853 380 2925 est,
404 2849 455 2910 sed
479 2851 601 2926 gulosus
624 2851 652 2910 iu
677 2850 756 2924 cibo;
788 2869 841 2910 nec
863 2851 1021 2910 sanitatem
1043 2850 1139 2923 hebet,

128 2937 177 3000 sed
199 2941 298 2998 tumen
321 2959 355 2999 er
377 2939 435 2998 hoc
453 2940 485 3000 in
499 2940 576 2999 lecto
592 2960 651 3001 non
666 2940 845 3017 procumbit,
869 2940 920 3000 sed
934 2940 977 2999 ita
993 2940 1137 3013 ambulat3
1154 2951 1182 2995 30

126 3032 158 3087 et
183 3027 236 3087 diu
262 3029 362 3088 rivere
388 3031 499 3104 potest,
529 3027 581 3088 sed
608 3029 646 3088 ed
676 3029 838 3104 perfectam
870 3031 1049 3089 senectutem
1080 3048 1140 3089 non

128 3117 269 3192 pervenit,
294 3117 372 3194 quie,
396 3120 557 3194 antequem
579 3119 616 3177 ed
636 3121 818 3179 senectutem
837 3118 999 3195 perveniat,
1029 3118 1138 3192 <meri-

128 3209 206 3279 tur.)

191 3295 237 3355 Dc
258 3296 389 3370 syncopi.
435 3294 467 3354 si
489 3298 591 3355 eutem
613 3297 724 3358 siccum
746 3297 793 3358 vel
816 3315 935 3372 spuma,
964 3315 1040 3373 quae
1067 3298 1141 3355 tunc

129 3383 203 3443 livor
224 3387 294 3444 sunt
315 3383 410 3460 tepidi
430 3386 460 3444 et
475 3384 600 3457 humidi,
623 3387 747 3446 modum
761 3405 850 3444 suum
869 3384 1138 3463 transgrediuntur,
1153 3393 1183 3440 ³5

130 3472 236 3532 siccum
258 3473 408 3532 flammam
430 3492 515 3533 suem
537 3474 655 3551 exaltet,
678 3475 722 3534 ito
743 3475 824 3551 quod
844 3475 933 3534 horno
948 3474 999 3533 ille
1015 3475 1139 3552 gulosus

131 3562 184 3620 erit
212 3563 243 3620 in
275 3563 410 3640 crapula,
442 3565 472 3622 et
499 3581 604 3639 spuma
630 3563 702 3624 fecit
732 3582 802 3623 eum
829 3563 971 3639 cupidum
999 3580 1141 3627 escarum.
