2680 3938
216 175 258 236 50
603 164 848 224 HILDEGARDIS

210 341 281 414 ¹aere
297 353 442 426 auditum,
466 353 501 412 de
525 371 603 430 aqua
625 353 786 414 motionem
810 355 901 431 atquc
925 353 960 412 de
982 355 1063 412 terra
1077 354 1235 418 incessum.

214 444 254 503 Et
275 444 312 502 ut
333 443 463 502 mundus
484 443 515 501 in
537 443 735 518 prosperitate
758 444 814 518 est,
846 462 915 503 cum
941 443 1086 502 elementa
1108 444 1182 503 bana
1206 449 1236 504 et

216 533 350 593 ordinate
375 532 474 592 officia
497 551 551 592 sua
574 534 715 608 exercent,
738 533 781 592 ita
798 532 878 609 quod
893 532 981 608 calor,
1004 550 1052 592 ros
1076 536 1107 593 et
1129 535 1236 608 pluvia

215 622 391 700 singillatim
423 624 453 682 et
484 621 635 681 moderate
664 623 697 680 in
726 625 858 698 tempore
890 640 943 681 suo
976 639 1007 680 se
1036 622 1177 682 dividunt
1199 643 1236 683 ac

187 711 394 771 sdescendunt
425 711 464 770 ad
486 711 659 786 temperiem
686 714 783 770 tarrae
812 713 842 770 εὴ
869 711 1027 770 fructuum
1049 714 1079 770 et
1101 712 1236 772 multum
1324 703 1325 708 ¹

214 801 349 861 fructum
371 801 580 860 eternitatem
602 799 742 874 afferunt3
774 801 929 877 quoniam,
960 800 985 859 si
1008 801 1098 860 simul
1126 805 1219 862 renat
1203 821 1233 860 e·
1324 793 1325 796 ¹

214 893 303 966 panta
327 908 360 949 ac
382 908 441 949 non
463 889 495 947 in
518 892 651 964 ternpore
674 907 729 948 suo
752 892 965 963 superterram
982 888 1127 967 caderent,
1150 893 1236 950 terra

215 979 430 1039 discinderetur
452 997 486 1037 ac
508 977 665 1037 fructus
640 996 703 1037 erus
724 981 754 1036 et
774 978 912 1038 sanitas
903 978 1052 1039 mtcrirct:
1076 979 1118 1038 sic
1133 980 1235 1052 etiam,

215 1089 284 1129 cum
306 1069 450 1128 elementa
473 1067 638 1126 ordinata
630 1087 662 1125 m
683 1066 803 1128 homine
826 1069 996 1170 operantur
1025 1087 1094 1126 eum
1117 1086 1236 1129 conser-

175 1161 287 1217 rorant
309 1159 339 1216 et
367 1175 471 1216 sanum
498 1156 641 1231 reddunt;
671 1156 723 1215 sed
746 1176 815 1216 cum
836 1157 868 1216 in
891 1175 925 1216 eo
949 1157 1129 1233 discordant,
1163 1177 1235 1217 eum

213 1247 365 1306 infirmum
387 1245 501 1304 faciunt
528 1247 559 1304 εὴ
585 1245 732 1307 occidunt.
778 1245 854 1305 Nam
877 1246 1098 1323 coagulationes
1126 1247 1234 1306 humo-

214 1357 282 1395 rum
298 1355 315 1393 a
330 1334 434 1410 calore,
456 1333 643 1410 humiditate,
667 1336 811 1412 sanguine
835 1337 865 1395 et
887 1354 904 1393 a
926 1354 1012 1395 carne
1034 1335 1235 1395 inhominem

215 1423 420 1484 descendentes
450 1425 480 1482 et
506 1423 538 1482 in
570 1442 604 1483 eo
637 1424 806 1499 existentes,
846 1425 872 1483 si
907 1443 976 1483 cum
1009 1425 1233 1502 tranquillitate

215 1516 245 1573 et
258 1513 348 1572 'iusto
371 1515 603 1587 temperamento
626 1513 658 1572 in
674 1514 726 1573 illo
743 1515 912 1589 operantur,
936 1514 1092 1572 sanitatem
1107 1514 1232 1588 habent3

174 1613 201 1657 15
214 1602 239 1662 si
262 1604 361 1660 autem
385 1621 454 1660 eum
475 1601 564 1661 simul
587 1602 743 1662 indiscreta
765 1605 896 1680 tangunt
923 1605 953 1662 et
980 1621 1069 1678 super
1098 1623 1168 1662 eum
1199 1605 1233 1663 in

215 1691 421 1767 superfluitate
435 1691 554 1767 cadunt,
564 1691 653 1750 illum
665 1692 792 1751 debilem
802 1692 916 1751 faciunt
928 1695 958 1750 et
970 1692 1118 1755 occidunt.
1144 1691 1233 1752 Galor

214 1782 293 1840 enim
309 1798 342 1839 ac
356 1780 519 1840 humiditas
544 1784 616 1855 (et)
639 1782 760 1858 sanguis
775 1784 805 1840 et
820 1800 887 1841 caro
902 1784 1026 1857 propter
1040 1782 1231 1860 transgressi·

215 1890 300 1931 onem
322 1870 405 1930 Adae
427 1871 457 1928 in
481 1870 628 1930 contraria
649 1871 789 1947 flegmata
811 1871 843 1928 in
865 1871 983 1930 homine
1006 1872 1123 1930 mutata
1151 1875 1231 1930 sunt.

281 1963 328 2021 De
348 1960 495 2035 llepmate'a
517 1959 694 2023 diuersitate.
727 1957 802 2019 Nam
824 1960 861 2018 ab
885 1960 973 2036 igneo
996 1960 1094 2019 calore
1117 1960 1231 2020 siccum

173 2059 201 2106 20
214 2053 244 2109 et
266 2048 302 2107 ab
326 2068 411 2107 aerea
433 2048 611 2107 humiditate
638 2048 796 2107 humidum
823 2068 857 2108 ac
884 2048 920 2107 ab
949 2067 1060 2125 aquoso
1085 2051 1231 2127 sanguine

214 2138 414 2215 spumaticum
442 2140 472 2197 et
501 2157 518 2196 a
544 2140 661 2196 terrena
689 2157 775 2198 carne
801 2139 938 2214 tepidum
965 2139 1074 2214 flegma
1096 2139 1231 2198 trabitur

214 2230 245 2286 et
267 2227 421 2289 excitatur.
460 2227 499 2285 llt
520 2226 545 2284 si
568 2227 691 2303 aliquod
714 2228 841 2287 istorum
864 2228 1102 2302 supramodum
1125 2229 1230 2287 crescit

213 2317 245 2374 in
267 2315 394 2391 homine,
417 2316 461 2374 ita
485 2315 565 2392 quod
588 2315 624 2374 ab
648 2316 705 2376 alio
728 2336 787 2377 non
803 2317 1001 2392 compescitur
1013 2335 1066 2376 nec
1081 2319 1227 2393 tempera-

214 2408 274 2481 tur,
297 2405 447 2464 hominem
474 2404 574 2480 perdit
602 2407 632 2464 et
658 2405 809 2478 debilitat3
840 2406 866 2464 si
894 2424 965 2465 vero
997 2406 1228 2483 unumquidque

172 2503 200 2549 25
213 2494 336 2554 modum
359 2512 447 2554 suum
470 2496 548 2552 recta
575 2497 684 2567 servat,
716 2494 760 2553 ita
792 2493 872 2571 quod
904 2495 995 2554 etiarn
1027 2495 1068 2554 sic
1099 2495 1135 2554 ab
1169 2496 1228 2554 alio

212 2587 406 2660 temperatur,
430 2582 510 2660 quod
525 2585 604 2642 recte
618 2602 787 2643 mensuram
802 2603 886 2643 suam
901 2583 1009 2642 habere
1033 2584 1228 2661 compellitur,
1261 2627 1264 2637 .

212 2673 363 2733 hominem
385 2691 488 2732 sanum
512 2673 643 2732 continet
666 2675 695 2732 et
717 2673 824 2732 reddit.
871 2672 946 2733 (lum
974 2673 1053 2732 enim
1079 2692 1175 2732 unum
1197 2675 1229 2733 in

214 2763 343 2822 dominio
376 2763 531 2838 potestatis
558 2763 776 2838 superexcellit,
809 2761 892 2821 aliud
919 2762 989 2821 huic
1020 2762 1052 2820 in
1083 2763 1228 2824 servitute

214 2851 357 2927 subiacet,
390 2853 479 2927 atque
507 2851 623 2927 reliqua
658 2852 717 2911 duo
750 2871 818 2911 cum
849 2851 943 2911 livore
978 2851 1129 2911 moderate
1160 2852 1227 2911 sub-

173 2942 388 3016 aosequuntur,
413 2942 443 2999 et
464 2940 506 2999 sic
527 2941 617 2999 horno
640 2941 671 2999 in
693 2940 913 3017 tranquillitate
937 2941 1068 3017 corporis
1091 2943 1144 3000 est.

279 3029 325 3088 Da
355 3030 539 3090 humoribus.
594 3027 669 3088 Nam
703 3047 773 3090 curn
810 3032 939 3106 quatuor
971 3033 1042 3089 sunt
1079 3030 1227 3108 humores,

214 3119 273 3178 duo
299 3119 506 3194 praecellentes
531 3119 671 3196 flegmata
695 3119 848 3191 dicuntur,
878 3121 908 3178 at
931 3119 991 3178 duo
1017 3119 1227 3196 subsequentes

213 3207 354 3268 dicuntur
375 3207 494 3271 livores.
538 3206 751 3285 Unusquisque
775 3211 874 3268 autem
896 3209 1016 3282 humor,
1048 3209 1101 3285 qui
1123 3227 1226 3286 super·

213 3297 342 3357 eminans
365 3299 422 3374 est,
453 3297 623 3373 proximum
646 3315 676 3357 se
698 3297 926 3375 subsequentem
950 3301 1058 3376 quarta
1084 3301 1170 3374 parte
1200 3302 1229 3358 at

171 3397 199 3443 35
214 3387 337 3446 dimidia
359 3389 444 3464 parte
466 3387 571 3446 tertiae
594 3387 688 3463 partis
712 3391 884 3465 superat3e
869 3390 899 3447 t
920 3389 979 3464 rllc
1005 3388 1058 3464 qui
1078 3387 1228 3448 subiectus

214 3479 266 3550 est,
290 3476 363 3536 duas
386 3479 485 3552 partes
499 3496 534 3537 ac
548 3477 695 3555 reliquam
709 3480 825 3554 partam
840 3477 946 3537 tertiae
961 3477 1056 3553 partis
1071 3479 1225 3552 temperat,

212 3585 248 3626 ne
286 3567 408 3626 modum
440 3585 529 3626 suum
563 3570 701 3632 ttransea
758 3566 815 3637 Qui
853 3567 930 3626 enirn
968 3566 1082 3642 primus
1120 3565 1229 3624 humor
