2662 3932
385 149 521 206 CAUSAE
540 151 586 206 ΕΤ
605 150 727 206 OURAE
745 151 813 208 LIB.
831 151 865 205 II.
1064 156 1126 217 103

85 337 207 414 guttae
242 335 369 395 effluunt
391 338 427 394 ut
448 335 573 411 rivulus,
596 335 669 411 quia
682 353 736 410 per
749 354 824 412 opus
838 336 898 396 viri
911 336 1077 411 solvuntur,
1100 339 1129 395 et

82 425 161 485 ideo
190 427 234 484 ut
259 423 374 486 rivulus
395 427 473 500 sunt,
497 424 638 501 quoniam
660 443 750 484 venae
773 425 804 483 in
827 444 914 502 opere
937 425 989 485 illo
1013 425 1128 485 solutae

84 517 178 575 sunt.
226 511 305 573 Guin
329 514 408 572 enim
430 513 594 574 claustrum
615 512 797 588 intengtatis
821 514 853 573 in
874 514 990 592 virgine
1013 514 1126 590 rumpi·

83 607 153 680 tur,
180 602 294 679 ruptio
315 603 369 663 illa
390 603 564 680 sanguinem
586 602 705 662 emittit.
751 602 859 662 Mulier
881 603 959 663 enim
981 603 1024 663 sio
1042 603 1126 662 insti·

84 695 164 752 tuta
190 695 254 767 est,
278 691 359 768 quod
381 710 435 767 per
457 691 632 769 sanguinem
655 709 744 750 suum
765 709 863 750 samen
890 693 949 752 viri
976 693 1156 767 concipere-5

86 786 122 840 et
146 780 289 840 retinere
313 779 408 856 debet,
440 783 471 839 et
497 781 563 841 ideo
587 780 677 838 etiam
700 779 804 840 debilis
827 784 871 840 eet
893 784 924 840 et
957 781 1068 858 liigida
1099 785 1130 841 at

86 869 248 930 humores
262 869 294 928 in
309 889 343 930 ea
357 869 476 932 infirmi.
506 868 592 929 Unde
608 869 698 930 etiam
712 869 777 946 ipsa
791 887 906 945 semper
920 869 1129 946 infirmaretur,

88 959 152 1020 nisi
178 958 270 1036 quod
293 958 413 1036 sanguis
436 959 499 1018 eius
522 977 576 1034 per
597 961 749 1018 menstrua
770 962 926 1038 purgatur,
950 962 986 1018 ut
1000 958 1083 1018 cibus
1097 959 1129 1017 in

89 1049 156 1108 olla
181 1052 354 1124 purgatam,
376 1065 444 1107 eum
466 1066 602 1124 spumam
624 1046 661 1106 de
684 1065 715 1106 se
738 1047 816 1112 eioit

163 1137 217 1197 De
249 1137 332 1198 ane
362 1138 557 1211 corruptione.
605 1134 712 1195 Omnes
744 1139 843 1196 autem
875 1156 965 1197 venae
996 1137 1130 1196 muliens
1142 1145 1171 1190 10

90 1225 243 1303 integrae
266 1229 297 1286 et
319 1244 406 1286 sanae
427 1225 669 1326 permansissent,
698 1225 723 1284 si
746 1225 838 1286 Ilva·
830 1246 861 1284 m
883 1227 972 1301 pleno
994 1229 1128 1302 tempore

92 1315 240 1390 paradisi
255 1315 442 1391 perstitisset.
486 1313 561 1374 Gum
577 1314 656 1374 enim
670 1314 723 1372 illa
737 1317 903 1391 serpentem
924 1314 1129 1376 consentiendo

92 1404 121 1462 ei
155 1405 353 1480 inspexisset,
384 1402 464 1463 visus
495 1403 567 1479 eius,
599 1422 663 1479 quo.
692 1404 827 1464 caelestia
857 1403 949 1477 vidit,
983 1404 1129 1464 extinctus

94 1496 157 1565 est,
191 1495 227 1552 et
252 1511 322 1552 oum
344 1512 413 1552 eum
435 1492 466 1551 in
493 1511 635 1552 consensu
665 1493 794 1569 audivit,
822 1493 943 1552 auditus
971 1493 1042 1560 eius.
1070 1511 1130 1570 quo

94 1581 245 1642 caelestia
253 1581 377 1653 audivit,
393 1581 548 1642 obstrusus
560 1584 613 1653 est,
629 1584 718 1658 atque
733 1581 765 1640 in
779 1585 872 1661 gustu
887 1582 968 1659 pomi
982 1582 1129 1659 splendor,
1144 1592 1171 1637 15

97 1671 154 1746 qui
187 1671 225 1730 in
257 1690 292 1730 aa
320 1670 447 1742 lauabat,
482 1671 656 1730 obscuratus
690 1674 743 1735 est.
788 1669 830 1730 Ut
861 1675 962 1730 autem
985 1690 1130 1732 suoousa

97 1759 204 1820 radice
231 1759 345 1820 arboris
367 1759 474 1835 inoipit
495 1763 526 1820 et
548 1759 592 1818 ita
613 1777 732 1820 sursum
755 1760 793 1818 ad
815 1779 915 1820 omnes
945 1761 1129 1819 ramusculos

97 1847 219 1908 arboris
252 1848 356 1924 tendit,
388 1848 430 1908 sio
461 1851 505 1908 est
535 1848 566 1908 in
596 1849 721 1908 muliere
752 1849 784 1908 in
813 1851 964 1908 menstruo
987 1853 1128 1924 tempore.

98 1935 179 1996 Nam
208 1939 244 1997 in
276 1941 409 2014 tempore
440 1937 607 1998 rivulorum
636 1938 788 2014 sanguinis
819 1938 883 1997 eius
916 1956 1020 2013 venae,
1054 1957 1130 2014 quae

98 2025 265 2085 cerebrum
287 2028 439 2087 continent
460 2029 491 2086 et
513 2046 589 2103 quae
611 2028 710 2086 visum
733 2030 763 2086 et
778 2027 915 2086 auditum
930 2027 1068 2102 retinent,
1091 2027 1128 2086 ad
1142 2037 1170 2082 ιο

100 2115 284 2175 effusionem
306 2116 459 2192 sanguinis
482 2115 703 2188 concutiuntur,
736 2119 766 2175 et
787 2135 887 2191 venae,
920 2135 996 2192 quae
1018 2116 1129 2176 oollum

101 2206 133 2262 et
156 2203 286 2266 dorsum
301 2208 331 2264 et
346 2223 429 2264 renes
444 2207 554 2277 tenent,
577 2223 665 2266 venas
681 2224 800 2282 quoque
814 2205 920 2264 iecoris
937 2208 968 2264 et
982 2205 1130 2264 viseerum

103 2310 138 2350 ae
159 2293 301 2353 umbilici
323 2294 361 2352 ad
383 2313 414 2354 se
436 2293 573 2370 trahunt,
605 2297 695 2370 atqua
720 2313 917 2371 unaquaeque
939 2313 1014 2354 vena
1041 2313 1071 2354 se
1098 2294 1129 2354 in

102 2380 195 2440 aliam
219 2383 266 2441 ita
288 2383 422 2458 effundit,
449 2387 486 2440 ut
507 2383 589 2442 viror
611 2382 727 2443 arboris
754 2403 851 2443 ramos
878 2383 1022 2444 viresoere
1049 2383 1130 2459 faoit,

104 2473 135 2528 et
156 2490 262 2544 venae,
284 2491 361 2548 quae
382 2489 467 2531 renes
489 2472 647 2548 eontinent,
670 2475 768 2532 rotam
790 2473 874 2532 illam
895 2472 1071 2548 dissolvunt,
1098 2472 1129 2530 in
1142 2483 1170 2528 25

103 2575 197 2634 quam
220 2579 306 2620 renes
329 2561 527 2638 eompaginati
552 2564 632 2634 sunt,
655 2565 685 2620 et
708 2581 772 2621 eam
795 2561 975 2621 contrahunt
990 2564 1021 2620 et
1035 2564 1127 2620 retra·

104 2645 202 2721 hunt,
242 2653 278 2709 ut
312 2668 427 2726 unguas
466 2649 591 2710 alieuius
630 2651 761 2710 avioulae
799 2649 904 2710 abscisi
944 2650 1025 2710 venis
1067 2650 1129 2709 suis
1191 2689 1193 2697 ι

105 2738 327 2798 eontrahuntur
348 2742 378 2798 at
399 2739 604 2802 remittuntur.

175 2828 277 2900 Quare
295 2832 489 2888 menstruum.
527 2827 584 2888 Sed
607 2829 857 2905 quemadmodum
879 2827 999 2888 validus
1022 2831 1128 2888 ventus

107 2913 316 2991 tempestatem
337 2917 369 2976 in
390 2917 512 2976 flumine
532 2923 640 2994 movet,
662 2918 705 2978 sio
720 2919 809 2977 etiam
824 2917 854 2976 in
871 2918 1009 2978 omnibus
1023 2917 1127 2977 humo·
1141 2928 1169 2973 uo

107 2999 190 3064 ribus
213 3005 348 3066 mulieris
371 3008 530 3082 tempestas
549 3009 695 3082 movetur,
719 3007 762 3067 ita
782 3006 864 3084 quod
884 3007 964 3066 idem
987 3008 1127 3067 humores

108 3094 261 3168 sanguinis
299 3095 539 3155 intermiseentur
573 3098 604 3154 et
638 3096 718 3172 quod
751 3096 939 3173 aliquantum
974 3096 1129 3173 sangumei

109 3176 185 3242 liunt
207 3187 238 3244 et
261 3184 341 3260 quod
363 3183 420 3245 hoo
441 3184 530 3244 modo
552 3202 622 3243 oum
644 3186 787 3262 sanguina
818 3188 995 3263 purgantur,
1028 3187 1058 3244 et
1087 3185 1129 3245 sio

111 3265 145 3326 fit
176 3271 293 3334 rivulus
324 3273 477 3351 sanguinis
509 3273 541 3332 in
572 3274 705 3336 muliere.
750 3274 790 3333 Et
823 3274 889 3334 ideo
916 3277 990 3334 tuno
1016 3275 1047 3333 in
1074 3274 1127 3334 illo

113 3356 245 3435 tempore
268 3365 359 3438 eaput
381 3362 514 3421 mulieris
535 3362 705 3422 infirmatur
726 3365 757 3422 et
784 3364 863 3424 oeuli
891 3363 954 3422 eius
984 3362 1129 3440 languent
1142 3373 1169 3418 o5

115 3446 145 3504 ot
164 3449 262 3510 totum
285 3451 349 3510 eius
372 3469 479 3527 empus
502 3451 598 3512 debile
621 3455 674 3515 est.
719 3451 775 3512 Sed
798 3455 896 3512 tamen
919 3451 999 3510 oculi
1022 3471 1057 3510 ex
1071 3451 1129 3513 hoo

117 3549 173 3595 non
195 3541 332 3619 caligant,
359 3540 385 3599 ai
411 3543 492 3600 reato
514 3542 648 3617 tempore
671 3544 701 3600 et
723 3544 803 3600 reeta
824 3540 1025 3602 moderatione
1047 3540 1127 3600 idem
