2680 3938
373 183 515 239 CAUSAE
534 181 580 238 ΕΤ
600 181 861 240 dulceamen.
1082 192 1123 250 53

90 369 239 429 efficitur
262 371 353 445 atque
378 368 527 443 impotens
553 367 649 427 totius
676 367 807 444 corporis
834 369 894 442 eui3
927 372 957 428 et
979 369 1036 429 hoc
1061 373 1124 430 tam

92 459 168 530 diu,
183 477 280 534 usque
294 458 365 516 dum
376 457 523 534 praedicti
533 457 641 517 livores
657 458 834 517 cessaverint
845 462 875 517 et
892 458 1051 518 innectum
1066 460 1125 518 iter

94 567 199 608 suum
220 547 372 609 redierint.
410 545 467 605 Sed
481 546 534 604 din
549 546 650 606 vivere
666 547 785 622 poterit,
811 547 836 606 si
852 547 925 606 deus
946 549 1125 624 permiserit.

176 637 222 696 Dc
245 637 330 696 boote
356 637 496 697 moribus.
547 635 603 695 Sed
635 635 660 694 si
688 651 793 712 spuma
820 637 933 696 excedit
958 637 1069 697 siceum
1095 641 1126 696 et

96 727 221 786 siceum
242 724 399 784 humidum
419 728 449 783 et
470 725 614 801 tepidum,
637 727 709 784 tuno
729 724 820 785 ‘homo
842 726 893 784 ille
916 725 1007 786 bonos
1029 735 1152 786 morose

95 816 199 875 habet
222 818 253 874 et
272 814 433 874 benevolus
448 816 494 874 est
509 832 543 873 ac
557 816 640 872 tener
655 833 786 890 corpora,
809 815 858 873 ead
882 813 935 873 diu
957 834 1016 874 non
1038 816 1124 879 vivit.

174 904 221 963 De
250 904 390 963 amentia.
441 901 527 974 Quod
556 903 582 962 si
612 902 770 962 humidum
800 921 834 962 ac
867 903 1015 980 tepidum,
1048 924 1124 981 qnae

98 995 201 1053 etiam
230 995 304 1052 tunc
333 993 413 1052 livor
446 1009 568 1068 spumae
599 996 629 1051 et
658 993 728 1052 sicci
762 995 845 1068 sunt,
881 993 1005 1052 modum
1035 1010 1125 1052 suum

99 1085 277 1158 transeunt,
309 1101 377 1140 mox
410 1081 569 1140 humidum
596 1085 632 1140 ut
663 1085 730 1141 rota
761 1081 1008 1142 circumvolvitur
1034 1086 1124 1159 atque

95 1171 255 1232 hominem
280 1170 368 1229 illum
389 1170 542 1229 interdum
563 1169 595 1229 in
610 1191 719 1247 equam
733 1171 912 1247 praecipitat
926 1190 960 1231 ac
974 1171 1124 1230 interdum
1138 1181 1166 1227 10

100 1263 136 1320 in
160 1262 273 1339 ignem,
305 1263 335 1318 et
357 1260 494 1335 tepidum
521 1260 553 1318 in
584 1261 743 1319 amentiam
771 1279 840 1320 eum
867 1260 976 1332 mittit,
1015 1261 1055 1319 Et
1076 1259 1125 1320 hic

99 1350 196 1410 homo
220 1349 289 1408 talis
312 1352 364 1421 est,
388 1348 469 1425 quod
485 1349 516 1407 in
533 1350 597 1424 ipso
621 1349 743 1408 scientia
758 1350 912 1421 evanescit,
934 1348 1013 1409 unde
1036 1350 1125 1409 etiam

102 1457 209 1498 amens
234 1438 371 1498 efficitur.
402 1437 462 1498 Nec
485 1439 531 1498 est
553 1437 590 1497 ad
612 1439 734 1514 plenum
756 1457 844 1498 sanus
866 1457 920 1498 nec
943 1439 979 1498 ad
1002 1440 1125 1515 plenum

100 1529 250 1588 infirmus.

176 1618 222 1676 De
256 1615 391 1679 insecta.
448 1614 524 1674 (lum
558 1635 628 1676 vero
663 1617 691 1675 in
728 1616 829 1694 aliquo
866 1617 976 1677 siccum
1011 1619 1123 1678 excedit
1137 1624 1164 1670 15

102 1706 245 1782 tepidum
273 1709 303 1764 ot
329 1705 466 1781 tepidum
496 1705 655 1764 humidum
684 1709 715 1765 et
742 1724 890 1782 spumam,
924 1725 1000 1782 quae
1026 1707 1124 1766 subse·

105 1798 259 1872 quuntur:
287 1794 337 1854 hic
359 1794 448 1854 homo
471 1795 592 1854 insanus
615 1799 660 1854 ost
682 1798 779 1854 mente
803 1799 834 1853 et
855 1813 978 1871 corpore
1001 1813 1035 1854 ac
1057 1796 1125 1855 sibit

106 1885 252 1960 metipsi
275 1888 305 1943 et
327 1885 394 1944 aliis
417 1883 588 1944 hominibus
610 1885 642 1943 in
664 1883 797 1943 moribus
819 1885 881 1942 suis
908 1883 1059 1943 horribilis
1081 1889 1125 1944 est

107 1993 143 2034 ac
165 1973 316 2032 inutiliter
341 1991 481 2050 praeceps
512 1974 543 2032 in
568 1973 703 2034 omnibus
731 1973 826 2032 causis
852 1973 915 2032 suis
938 1976 968 2031 et
990 1973 1124 2049 aliquan·

109 2064 212 2122 tulum
234 2080 331 2142 sanus,
355 2066 385 2121 at
408 2063 461 2122 diu
483 2063 584 2122 vivere
606 2066 713 2138 potest.
1139 2069 1167 2114 20

177 2151 224 2212 Dc
246 2153 456 2226 desperatione.
503 2150 559 2210 Sed
588 2151 612 2210 ei
640 2151 798 2210 humidum
825 2152 872 2211 vel
900 2169 1017 2227 spuma,
1050 2171 1126 2228 quae

110 2244 185 2301 tunc
207 2241 287 2301 livor
310 2241 379 2302 sicci
402 2243 433 2300 et
454 2241 548 2317 tepidi
571 2243 654 2316 sunt,
686 2240 809 2300 modum
836 2259 925 2300 snum
952 2240 1125 2317 efflaverint,

109 2331 154 2392 ita
177 2330 258 2407 quod
285 2329 445 2389 humidum
474 2348 609 2388 amarum
635 2330 755 2388 fumum
781 2329 812 2387 in
843 2329 930 2387 illum
958 2330 1070 2389 emittit
1096 2333 1127 2390 et

111 2419 192 2497 quod
214 2438 283 2479 enm
305 2438 413 2495 spuma
434 2418 562 2478 lividum
585 2437 618 2478 ac
632 2418 784 2478 lubricum
799 2421 835 2476 ut
849 2419 1029 2478 testudinem
1045 2420 1125 2491 facit

110 2512 182 2568 tuno
208 2508 264 2568 lroc
286 2507 374 2568 modo
397 2511 504 2584 parent
530 2508 561 2567 in
584 2526 618 2567 eo
642 2527 760 2580 sonum,
792 2508 878 2566 velut
900 2525 1006 2567 sonum
1028 2508 1125 2568 flantis
1138 2523 1166 2569 25

112 2598 264 2674 aquilonis,
299 2601 389 2674 etque
413 2597 523 2656 cadunt
545 2615 635 2673 super
658 2616 709 2656 cor
730 2597 862 2656 eiusdem
884 2596 1013 2656 hominis
1035 2600 1126 2673 atque

113 2705 200 2762 super
233 2705 335 2747 sensus
363 2687 440 2762 eius,
471 2687 516 2744 ita
547 2685 627 2763 quod
658 2705 710 2746 nec
739 2686 770 2744 in
798 2687 852 2744 deo
879 2703 933 2744 nec
955 2686 986 2745 in
1007 2684 1127 2745 homine

112 2791 164 2835 neo
185 2776 217 2834 in
244 2777 308 2835 ulle
331 2779 467 2835 creature
489 2793 571 2851 spem
593 2778 647 2834 aut
669 2774 874 2835 confidentiam
893 2774 999 2834 habere
1018 2778 1127 2852 potest.

112 2865 151 2924 nt
171 2864 242 2924 haec
267 2869 330 2924 tam
353 2865 406 2924 diu
429 2864 552 2941 durant,
579 2883 675 2941 usque
699 2865 771 2923 dum
792 2864 937 2940 praedicti
958 2864 1067 2924 livores
1090 2862 1126 2923 ab

112 2953 231 3013 horrore
260 2973 314 3014 suo
337 2955 522 3015 cessaverint.
1138 2969 1165 3014 eo

180 3043 225 3102 De
247 3043 370 3103 timidis.
404 3041 490 3102 Unde
512 3043 619 3102 melius
641 3043 687 3101 illi
710 3045 788 3102 esset
808 3042 885 3102 mori
908 3061 997 3119 qnam
1019 3043 1126 3107 vivere.

114 3131 166 3191 Sed
187 3135 285 3194 tomen
314 3132 367 3191 diu
392 3132 490 3192 vivere
513 3133 620 3208 potest.
670 3129 701 3190 Si
728 3133 828 3191 eutem
855 3131 992 3209 tepidum
1022 3150 1124 3208 super·

117 3221 228 3281 excellit
249 3221 361 3281 siccum
383 3225 413 3281 et
435 3222 547 3281 siccum
561 3220 720 3280 humidum
735 3223 766 3280 et
779 3239 923 3297 spumam,
945 3220 1001 3280 iste
1016 3221 1126 3280 multas

116 3327 260 3386 pressurae
293 3311 325 3369 in
351 3310 485 3370 moribus
512 3311 574 3370 suis
596 3311 628 3369 in
650 3311 807 3386 semetipso
829 3310 921 3370 hebet
943 3309 1070 3370 stiram
1092 3328 1126 3369 ac

117 3399 263 3460 tristitiam
296 3419 330 3460 ac
356 3400 508 3459 interdum
533 3401 692 3476 laetitiam,
724 3418 853 3476 quorum
883 3403 981 3458 tamen
1007 3399 1126 3458 nullum
1139 3414 1167 3460 as

120 3489 152 3547 ed
173 3489 336 3565 perlectum
359 3489 454 3562 ducit,
479 3488 550 3565 qnia
572 3489 602 3548 in
624 3489 671 3548 his
694 3487 829 3548 omnibns
850 3487 974 3548 timidus
1001 3490 1059 3562 est,
1090 3491 1126 3546 ut

118 3577 187 3636 unda
213 3579 244 3636 in
277 3597 369 3656 aqua,
400 3579 538 3655 quoniam
566 3576 638 3637 haec
669 3580 775 3638 cuneta
796 3579 828 3637 in
850 3576 1008 3653 semetipso
1030 3577 1124 3637 timet.
