2668 3924
216 161 279 221 212
600 154 847 210 HILDEGARDIS

215 341 285 400 huic
307 342 424 402 arvinae
444 340 643 400 intermisceat
672 359 706 399 ac
728 359 762 398 ex
784 339 830 396 his
853 339 908 398 hoc
929 339 1019 398 modo
1041 343 1227 415 unguentum

216 428 306 488 faciat
337 433 367 490 et
400 430 436 490 de
462 430 518 490 hoc
549 431 581 488 in
611 448 676 489 asso
707 428 811 487 balneo
840 446 870 487 se
897 428 1027 505 perungi
1063 427 1168 488 iubeat
1200 433 1228 487 et

216 518 319 579 deinde
345 520 376 579 in
402 521 513 580 lectum
541 539 570 580 se
598 520 732 581 collocet.
777 517 816 575 nt
842 517 883 577 sio
911 535 1006 593 usque
1030 517 1067 574 ad
1090 517 1227 592 quintum

215 606 294 668 diem
316 609 364 668 vel
387 609 423 668 ad
446 610 548 685 plures
571 609 633 667 dies
655 608 754 670 faciat.
790 604 863 665 (lum
887 605 965 664 enim
987 606 1069 665 celor
1091 609 1227 666 stercoris

189 705 203 748 5
216 695 409 757 hirundinum
432 702 463 758 et
484 698 634 775 frigiditas
650 697 756 772 lappae
771 714 839 754 oum
855 695 951 756 calore
966 696 1085 755 arvinae
1101 695 1228 756 ciconias

215 790 245 844 et
277 805 344 846 cum
375 787 543 865 frigiditate
575 789 692 846 arvinae
725 785 854 845 vulturis
887 787 917 843 et
949 785 1046 844 calore
1076 785 1228 859 sulphuris

214 878 431 952 temperantur,
467 877 640 952 putredines
675 875 778 950 leprae
813 873 902 932 huius
936 873 1049 948 aufert,
1089 875 1228 950 quoniam

214 968 326 1024 stercus
348 965 543 1025 hirundinum
566 984 614 1024 aas
637 963 786 1038 dissolvit,
808 963 908 1039 pulvis
931 967 1032 1022 autem
1046 963 1229 1040 filiantropos

214 1073 261 1113 eas
284 1055 492 1129 transmordet‚
515 1056 617 1113 arvina
639 1072 710 1113 vero
734 1053 861 1112 ciconiae
885 1054 915 1110 et
929 1053 1059 1112 vulturis
1074 1054 1105 1111 at
1120 1054 1227 1112 amari·

172 1143 285 1203 1⁰iudo
308 1144 460 1219 sulphuris
475 1163 523 1204 eas
546 1141 712 1203 extrahunt.
742 1142 781 1200 Et
802 1141 963 1214 sanabitur,
985 1141 1043 1200 nisi
1065 1141 1138 1200 daus
1162 1161 1228 1202 aum

214 1233 311 1292 sanari
333 1233 421 1295 nolit.

278 1321 356 1381 Item
383 1323 418 1380 de
446 1322 539 1395 lepra.
593 1315 620 1404 1)
633 1321 744 1392 Homo,
776 1320 829 1396 qui
861 1318 898 1378 de
931 1315 1085 1380 iracundia
1115 1320 1229 1397 lepram

212 1410 371 1483 contrahit,
400 1410 490 1470 vadat
511 1411 542 1470 in
565 1411 677 1485 locum,
706 1407 760 1468 ubi
782 1408 902 1485 sangnis
924 1407 1058 1468 modicus
1082 1427 1229 1485 equorum

212 1498 243 1556 in
266 1502 376 1558 terram
399 1499 516 1576 defluit,
549 1519 617 1560 oum
638 1498 758 1575 sanguis
786 1517 889 1556 eorum
916 1498 948 1556 in
975 1516 1050 1556 vena
1071 1498 1228 1570 minuitur,

168 1593 199 1639 ¹1⁵
213 1592 242 1647 et
271 1587 323 1646 ubi
353 1588 464 1647 munda
492 1589 629 1647 animalia
652 1588 840 1662 occiduntur,
872 1589 902 1645 et
924 1587 1022 1662 ipsum
1053 1589 1228 1664 sanguinem
1315 1629 1316 1686 1

212 1695 280 1736 cum
302 1681 382 1737 terre
397 1678 499 1738 eodem
514 1679 657 1755 sanguine
672 1678 783 1736 infecta
798 1676 893 1737 tollat.
925 1675 1036 1735 Deinde
1052 1677 1227 1752 sanguinem
1315 1731 1316 1746 ,

211 1765 302 1825 istum
317 1770 490 1844 numisma,
506 1786 595 1843 super
611 1787 702 1844 quam
718 1766 880 1840 effluxerat,
905 1765 1032 1823 mixtum
1049 1765 1079 1823 in
1096 1766 1226 1826 caldario

211 1874 279 1915 cum
302 1874 380 1932 aqua
402 1856 515 1916 fervere
538 1857 627 1916 faciat
650 1859 681 1915 et
703 1855 744 1914 sic
768 1855 905 1914 balneum
927 1853 983 1913 sibi
998 1859 1163 1931 praeparet,
1186 1857 1228 1915 ita

170 2040 198 2086 w
211 2034 262 2093 sed
284 2038 320 2094 ut
341 2036 381 2094 sit
402 2053 498 2111 usque
522 2034 558 2094 ad
581 2038 690 2111 guttur
711 2052 812 2105 suum3
836 2035 867 2092 et
888 2033 931 2091 ita
954 2033 985 2091 in
1000 2030 1104 2091 balneo
1119 2033 1226 2093 sedeat.

211 2121 267 2181 Sed
298 2126 328 2181 et
360 2124 396 2182 de
430 2124 533 2184 eodem
559 2125 702 2201 sanguine
733 2124 764 2180 at
797 2121 833 2180 de
864 2120 966 2180 eadem
998 2124 1078 2180 tarra
1109 2122 1225 2182 modico

211 2213 334 2272 saccello
366 2213 522 2284 immittat,
561 2213 642 2288 quod
673 2213 704 2271 in
734 2211 839 2270 faciam
870 2229 956 2270 suam
986 2213 1090 2286 ponat,
1125 2212 1151 2270 si
1185 2212 1225 2270 ibi

211 2300 301 2362 dolet.
346 2300 404 2370 Qui
427 2320 495 2361 cum
518 2302 553 2360 de
576 2301 680 2360 balneo
705 2300 822 2376 exierit,
853 2299 885 2358 in
911 2301 1021 2360 lectum
1049 2317 1080 2358 se
1103 2301 1225 2361 reclinet

211 2393 300 2465 atque
324 2390 450 2451 eundem
473 2391 629 2450 saccellum
652 2409 721 2450 oum
743 2388 896 2466 proedicto
919 2388 1061 2466 sanguine
1091 2393 1122 2449 et
1145 2393 1226 2449 tarra

170 2484 301 2555 25supsr
332 2497 383 2538 cor
419 2498 508 2539 suum
540 2484 644 2556 ponat,
679 2498 716 2538 ne
747 2478 920 2538 debilitetur
951 2484 982 2539 et
1018 2482 1053 2537 ut
1086 2480 1225 2539 nocivum

210 2568 383 2645 sanguinem
405 2588 422 2626 a
445 2570 534 2630 corde
556 2587 610 2628 suo
634 2569 771 2644 depellat.
806 2567 845 2626 nt
867 2567 909 2627 sic
931 2569 1037 2644 quater
1064 2568 1113 2626 vel
1142 2569 1224 2644 quin·

211 2657 296 2733 quies
318 2659 365 2716 vel
389 2659 517 2734 amplius
541 2659 635 2721 iaciat.
665 2657 742 2717 Nam
765 2657 846 2716 calor
868 2656 1020 2734 sanguinis
1042 2655 1133 2716 huius
1157 2677 1223 2718 curn

210 2748 442 2821 temperamento
466 2752 562 2807 terrae
584 2748 640 2806 hoc
662 2746 805 2824 sanguine
827 2744 952 2805 infectas
975 2746 1075 2821 leprae
1103 2747 1223 2816 resistit,

209 2835 293 2894 velut
324 2836 460 2902 inimicus
492 2837 645 2896 inimicum
678 2837 810 2912 superat3
848 2834 921 2895 haee
957 2839 1056 2894 autem
1090 2835 1224 2896 difficilia

168 2929 197 2974 ³0
211 2923 324 2982 homini
351 2925 505 2993 ridentur.
537 2926 678 3002 quoniam
708 2927 817 2983 natura
846 2924 973 2984 hominis
1004 2929 1128 2984 naturae
1161 2926 1221 2984 ani·

209 3013 334 3071 melium
357 3015 504 3074 contraria
527 3017 579 3090 est,
601 3017 632 3073 et
654 3015 734 3090 quod
755 3014 843 3073 homo
860 3014 1033 3092 sanguinem
1048 3013 1222 3074 animalium

210 3101 372 3162 abhoreret.
418 3103 457 3163 Et
488 3103 576 3164 homo
598 3104 653 3163 iste
677 3103 839 3175 sanabitur,
863 3109 916 3162 aut
939 3103 1012 3162 deus
1033 3121 1104 3161 eum
1126 3105 1222 3164 sanari

209 3211 266 3251 non
288 3193 363 3256 vult.

272 3281 317 3340 De
339 3283 574 3344 incontinentiae
596 3283 690 3356 lepre.
737 3273 808 3365 2)Βί
835 3279 923 3341 homo
955 3281 991 3340 de
1018 3279 1142 3342 libidine
1171 3287 1221 3342 aut
1314 3279 1315 3300 ³

280 3488 299 3553 ¹)
313 3507 340 3543 v.
356 3489 460 3545 12-27
472 3512 503 3538 =
513 3489 610 3562 Migne
625 3489 694 3543 1319
709 3487 838 3542 0—1320
852 3491 885 3543 A.
899 3519 934 3530 -
947 3488 970 3559 2)
984 3507 1008 3543 v.
1023 3489 1121 3559 {ln-p.
1132 3489 1217 3556 213,11

206 3582 238 3610 =
256 3560 353 3631 Migne
373 3562 441 3615 1176
460 3561 590 3616 D-1177
610 3560 643 3614 A.
