2680 3938
185 193 225 252 32
571 181 816 238 rinocoruris

185 371 358 449 corporibus
381 371 535 431 hominum
563 368 730 444 conferunt,
763 367 844 443 quod
875 367 936 427 dies
967 367 1010 426 ibi
1041 367 1204 428 inclinatur

185 466 215 522 et
237 479 296 520 nox
318 461 430 538 surgit3
462 459 601 535 quoniam
633 477 701 519 curn
732 476 783 516 rex
815 457 845 516 in
878 456 991 518 honore
1023 475 1076 516 suo
1107 461 1202 535 stetit,

184 550 300 610 malitia
326 548 368 608 ibi
395 548 615 609 vociferabatur
642 555 673 606 et
700 565 850 607 summum
873 565 975 624 regem
997 545 1128 608 tenebris
1152 547 1203 606 ob·

185 658 303 700 sacrare
325 639 435 711 voluit;
458 638 509 698 sed
531 638 597 714 ipsa
619 639 649 696 et
672 636 747 695 acies
770 654 824 696 sua
838 635 1035 712 torpescebat.
1071 636 1204 696 Arbores

157 732 295 800 sautem,
318 728 370 805 qui
392 729 424 786 in
446 728 572 787 australi
593 727 684 802 plaga
706 725 742 784 de
765 725 850 800 aquis
873 725 942 797 illis,
966 744 1041 801 quae
1060 725 1104 785 ibi
1118 726 1204 784 efflu-

185 821 248 889 unt,
271 818 417 895 rigantur,
432 817 504 876 bene
519 815 680 892 proficiunt
695 819 725 873 et
738 814 870 890 plurima
884 815 1018 890 pomaria
1032 815 1204 890 prosumni,

186 926 261 983 quae
283 907 373 967 etiam
396 907 504 966 durare
526 908 659 980 possunt,
683 902 763 978 quod
786 903 883 962 calore
906 904 1027 980 perfusa
1050 906 1129 966 sunt.
1164 904 1206 964 ht
1331 971 1332 990 ἦ

186 998 369 1056 frumarium
405 995 449 1056 ibi
483 992 636 1052 habundat
670 995 700 1052 et
735 993 846 1069 pingue
884 995 914 1051 et
949 992 1121 1053 deliciosum
1159 997 1207 1053 est

186 1090 275 1161 atque
307 1087 410 1146 vinum
439 1084 483 1142 ibi
515 1083 667 1142 habundat
699 1084 729 1142 et
758 1081 931 1141 deliciosum
959 1085 1003 1142 est
1026 1083 1056 1141 et
1078 1082 1206 1142 multam

145 1185 172 1230 10
186 1176 248 1235 rim
282 1175 372 1234 habet
403 1191 457 1232 nec
494 1172 581 1231 facile
611 1171 703 1248 perit,
742 1171 793 1230 sed
830 1171 937 1230 durare
972 1174 1084 1248 potest,
1122 1172 1206 1247 quod

185 1265 282 1323 multo
313 1264 408 1323 calore
437 1263 468 1321 in
500 1262 636 1337 partibus
663 1261 723 1320 illis
751 1263 950 1334 temperatum
973 1264 1030 1334 est;
1063 1261 1206 1336 quoniam

185 1355 289 1413 vinum
333 1353 369 1411 do
412 1351 508 1411 calore
555 1351 624 1425 plus
671 1369 761 1426 quarn
804 1348 840 1408 do
882 1349 992 1427 frigore
1031 1351 1135 1410 crescit
1173 1354 1205 1410 et
1295 1395 1302 1408 .

186 1443 282 1520 frigus
312 1442 416 1502 vinum
446 1441 515 1516 plus
546 1439 639 1500 laedit
671 1459 760 1515 quam
789 1439 877 1502 calor.
923 1439 980 1498 Sed
1003 1439 1112 1499 herbae
1137 1440 1205 1498 hor·

186 1535 288 1590 torum
316 1533 349 1590 et
380 1548 563 1606 camporum,
594 1548 668 1605 quae
698 1528 729 1586 in
760 1527 867 1588 eisdem
896 1527 1032 1603 partibus
1066 1529 1102 1588 de
1132 1530 1205 1604 ipsis

147 1628 174 1674 15
188 1619 273 1695 aquis
295 1620 468 1697 irrigantur,
492 1637 567 1695 quae
591 1619 627 1678 de
651 1619 751 1677 austro
775 1617 880 1692 fluunt,
904 1617 1024 1695 fragiles
1045 1636 1078 1677 ao
1095 1617 1206 1678 debiles

188 1709 348 1769 etlividae
370 1711 440 1768 sunt
460 1727 497 1767 so
519 1708 605 1766 facile
627 1709 762 1784 pereunt,
788 1706 930 1786 quoniam
945 1710 1026 1767 recta
1041 1706 1206 1768 humiditas

188 1798 263 1858 aeris
286 1799 358 1874 ipsis
381 1798 529 1857 abstracta
552 1799 604 1859 ost.
638 1795 698 1856 Neo
712 1795 843 1854 multum
858 1795 946 1855 utiles
963 1799 1033 1856 sunt
1051 1796 1089 1855 ad
1104 1796 1207 1856 cibum

188 1907 241 1947 noc
264 1888 301 1947 ad
323 1891 442 1964 potum3
470 1886 521 1946 sed
544 1889 574 1946 et
596 1885 635 1944 ad
657 1884 832 1944 medicinam
855 1905 962 1961 parum
984 1887 1097 1962 valent,
1123 1886 1208 1962 quod

190 1977 276 2036 facile
314 1977 461 2048 arescunt3
505 1994 558 2035 nec
599 1974 689 2034 etiam
731 1974 861 2033 multum
900 1975 1056 2050 pecoribus
1094 1976 1205 2048 valent,

146 2067 329 2142 aequoniam
357 2069 418 2124 tam
441 2065 574 2124 homiues
597 2083 686 2140 quam
709 2082 816 2139 peoora
839 2083 874 2122 ex
897 2065 937 2123 eis
960 2083 1068 2139 parum
1090 2064 1206 2141 profici·

188 2159 252 2218 unt.
296 2154 426 2214 Arbores
448 2172 526 2228 vero,
551 2173 626 2228 quae
648 2154 680 2211 in
702 2153 925 2228 septentrionali
948 2154 1038 2230 plaga
1061 2154 1097 2212 de
1120 2155 1206 2229 aquis

188 2245 250 2303 illis
264 2245 438 2321 irrigantur,
463 2262 539 2319 qnae
553 2242 595 2300 ibi
612 2242 758 2318 oriuntur,
782 2243 867 2302 facile
884 2245 1019 2320 pereunt,
1042 2246 1073 2304 et
1088 2243 1205 2303 fructus

189 2352 292 2392 earum
313 2332 346 2390 in
367 2332 464 2408 pomis
487 2334 517 2391 et
538 2331 569 2389 in
593 2332 696 2390 sotoris
719 2332 865 2391 similibus
893 2350 952 2391 non
979 2331 1052 2391 bena
1080 2332 1207 2407 proficit,

191 2421 271 2498 quod
303 2422 399 2499 frigus
431 2438 481 2480 eos
513 2421 613 2481 laedit.
667 2419 725 2479 Sed
756 2425 786 2480 et
816 2421 999 2480 frumentum
1032 2421 1075 2479 ibi
1107 2422 1204 2481 multo

148 2522 175 2566 as
189 2511 290 2570 laboro
320 2511 501 2586 acquiritur,
533 2513 564 2569 et
594 2510 660 2569 ideo
693 2510 844 2569 minutum
877 2512 910 2570 ac
937 2510 1009 2569 lolio
1038 2513 1069 2570 ot
1098 2511 1208 2569 abacia

189 2601 369 2676 permixtum
398 2601 453 2671 est,
487 2599 537 2658 sed
560 2601 659 2658 tamon
683 2599 868 2675 aliquantum
892 2599 972 2658 forte
995 2602 1047 2660 est.
1093 2599 1207 2658 Vinum

190 2709 309 2766 quoque
331 2689 445 2748 modice
467 2688 510 2747 ibi
533 2689 649 2760 crescit,
679 2691 709 2747 et
731 2688 797 2749 ideo
821 2691 943 2748 acutum
966 2691 996 2747 et
1020 2689 1206 2764 aliquantum

190 2778 330 2838 acerbum
353 2780 383 2837 et
405 2795 463 2836 non
486 2778 617 2836 multum
645 2777 745 2853 dulce,
778 2778 857 2853 quod
890 2777 935 2837 sol
964 2777 1041 2836 illud
1073 2777 1115 2836 ibi
1146 2796 1207 2837 non

190 2871 344 2942 temperat.
379 2866 496 2926 Herbae
512 2870 709 2944 quoquotum
731 2867 888 2928 hortorum
911 2885 1001 2942 quam
1024 2884 1207 2942 camporum,

149 2966 177 3012 30
191 2957 243 3031 qui
267 2955 303 3014 de
326 2955 411 3031 aquis
433 2955 493 3014 illis
517 2956 795 3030 septentrionalibus
819 2956 969 3032 rigantur,
998 2956 1124 3033 pingues
1147 2974 1207 3014 non

190 3048 261 3106 sunt
291 3064 345 3104 neo
375 3046 506 3103 multum
538 3045 574 3104 ad
602 3045 778 3104 medicinam
805 3045 914 3106 valent.
959 3043 1017 3104 Sed
1040 3063 1125 3105 sanos
1148 3063 1207 3104 non

190 3133 323 3206 laedunt,
355 3133 479 3194 infirmis
511 3138 611 3194 autem
643 3135 763 3210 obsunt,
799 3134 940 3210 quoniam
972 3153 1025 3194 nac
1057 3134 1092 3193 de
1125 3136 1206 3194 recto

191 3224 287 3282 calore
315 3242 368 3282 nec
397 3225 433 3284 de
460 3227 541 3283 recto
570 3224 667 3284 calore
689 3241 743 3283 neo
766 3223 802 3282 de
824 3227 905 3283 recta
927 3223 1106 3284 humiditate
1130 3241 1208 3282 cras·

191 3315 263 3372 cunt
289 3313 338 3372 sed
368 3313 402 3371 da
427 3313 552 3390 frigore,
582 3317 612 3373 et
633 3313 699 3372 ideo
723 3331 782 3372 non
809 3314 939 3372 multum
966 3313 1126 3388 proficiunt
1154 3330 1210 3372 neo

150 3411 178 3457 35
191 3403 320 3460 multum
344 3402 455 3462 fertiles
478 3405 556 3466 sunt.

259 3492 304 3552 De
320 3492 439 3570 plavia.
485 3491 604 3568 Pluvia,
632 3510 708 3568 quae
730 3495 850 3567 repente
873 3494 904 3549 et
931 3509 1039 3567 magna
1067 3489 1209 3549 effusione

192 3584 413 3657 superterram
436 3581 528 3659 cadit,
557 3581 644 3642 noxia
667 3585 711 3641 est
733 3583 764 3640 et
786 3583 898 3640 terram
921 3583 952 3638 et
973 3579 1090 3637 fructus
1112 3581 1209 3637 terrae
