2680 3938
383 171 593 230 eruamur
612 171 817 228 coaluus.
836 173 857 226 r.
1113 184 1130 241 5

183 361 231 420 Da
252 360 358 420 iudicii
380 359 437 420 die.
474 356 533 416 Sed
559 375 638 416 nunc
665 357 746 417 clave
773 358 935 419 maiestatis
965 359 1012 420 dei
1040 361 1132 420 clausi

107 452 201 522 sunt,
234 449 373 526 quatinus
401 448 545 507 elementa
576 446 608 504 in
643 447 845 507 moderatione
878 447 1049 522 haerebant,
1079 469 1132 510 nec

103 558 204 616 super
225 539 322 596 ullum
343 537 494 595 hominem
516 535 579 594 ullo
602 536 734 610 periculo
758 536 999 612 dominabuntur,
1021 538 1079 599 nisi
1101 540 1132 598 in

107 629 175 688 fine
207 627 324 702 saeculi,
355 626 426 703 quia
456 629 529 685 tuna
559 624 658 684 omnia
689 626 913 702 purgabuntur,
943 631 1048 702 postea
1074 628 1132 704 ipsi

109 721 238 778 cantum
260 717 292 775 in
314 714 489 791 symphonia
511 715 619 786 farent3
651 716 680 772 et
711 714 795 773 nulla
818 718 953 775 creatura
975 720 1028 789 est,
1056 727 1159 794 quaes

111 825 178 868 una
201 806 265 865 sola
287 804 469 882 proprietate
493 803 641 874 consistat,
665 803 738 879 quin
761 804 862 880 plures
883 805 998 870 habeat.

184 896 230 955 Do
261 893 366 953 attilo.
410 892 469 952 Sed
500 891 628 950 nihilum
655 893 769 953 nullam
798 895 1013 970 proprietatem
1034 895 1131 968 habet,

110 987 147 1044 in
171 1003 232 1061 qua
254 982 405 1053 subsistat,
429 985 460 1041 et
481 981 547 1041 ideo
562 980 637 1040 nihil
660 984 719 1054 est;
742 983 821 1042 unde
844 984 934 1042 etiam
956 984 1031 1043 aliae
1054 1003 1131 1044 crea·

107 1078 209 1150 turae,
233 1091 308 1147 quae
331 1071 485 1132 voluntate
508 1089 562 1130 sua
584 1088 614 1129 se
640 1069 734 1131 nihilo
758 1072 962 1149 coniungunt,
994 1074 1130 1148 proprie-

107 1166 191 1224 tates
214 1180 283 1221 suas
305 1161 436 1236 perdunt
458 1162 488 1219 et
511 1159 548 1220 ed
576 1159 705 1218 nihilum
726 1162 812 1220 finnt.
1145 1172 1172 1217 10

204 1251 253 1310 Dc
264 1250 452 1321 firmamento
475 1252 502 1309 et
515 1251 619 1312 veum.
656 1249 890 1311 Firmamentum
909 1253 1009 1310 autem
1024 1251 1131 1328 ignem,

110 1342 216 1417 solem,
246 1341 358 1410 lunam,
385 1339 487 1398 stellas
520 1341 550 1396 et
580 1340 684 1398 ventos
711 1339 813 1411 habet,
845 1359 899 1416 per
929 1357 1006 1416 quae
1035 1341 1132 1400 omnia

110 1429 252 1492 consistit
275 1430 305 1487 et
325 1445 453 1505 quorum
473 1426 709 1503 proprietatibus
731 1429 878 1502 firmatur,
901 1449 939 1488 ne
961 1430 1132 1505 dissipetur.

109 1519 190 1579 Nam
222 1521 258 1577 ut
285 1518 383 1576 anima
412 1518 510 1576 toturn
540 1534 648 1593 corpus
678 1516 804 1577 hominis
840 1520 934 1594 tenet,
967 1519 1011 1577 ita
1042 1519 1132 1578 etiam

110 1608 196 1670 venti
225 1610 325 1666 totum
352 1606 571 1665 firmamentum
602 1605 761 1682 continent,
793 1626 830 1665 ne
853 1611 1070 1683 corrumpatur,
1102 1610 1132 1667 et
1146 1619 1172 1664 15

110 1696 275 1759 invisibiles
299 1699 376 1766 sunt,
400 1695 485 1755 velut
507 1695 596 1753 etiam
618 1695 716 1754 anima
730 1696 887 1756 invisibilis
902 1699 947 1756 ast
962 1699 998 1756 de
1021 1700 1131 1756 secreto

111 1787 165 1846 dei
188 1784 314 1846 veniens.
359 1784 399 1843 Et
420 1785 498 1842 siout
519 1783 624 1843 domus
639 1784 749 1860 absque
764 1785 958 1862 angularibus
981 1786 1131 1861 lapidibus

112 1894 176 1935 non
199 1876 322 1951 constat,
355 1873 473 1932 sicum
495 1871 715 1933 firmamentum
744 1893 797 1934 nec
827 1876 909 1933 terra
935 1893 989 1933 nec
1011 1873 1132 1952 abyssus

113 1983 168 2025 nec
205 1967 290 2024 totus
327 1962 456 2022 mundus
495 1979 564 2021 cum
599 1962 736 2023 omnibus
768 1962 1031 2039 compositionibus
1070 1963 1131 2023 suis

113 2055 227 2130 absque
254 2051 300 2112 his
322 2051 418 2111 ventis
440 2054 525 2128 esset,
553 2051 624 2127 quia
652 2051 844 2113 haecomnia
867 2071 935 2112 cum
955 2053 1030 2129 ipsis
1053 2071 1129 2113 com·
1145 2063 1172 2108 aa

113 2143 214 2220 posita
247 2144 277 2200 et
304 2143 421 2200 retenta
453 2142 531 2203 sunt.
580 2139 655 2199 Nam
684 2144 766 2201 terre
797 2144 862 2201 tota
890 2141 1074 2202 scinderetur
1103 2145 1133 2201 et

113 2233 316 2308 rumperetur,
339 2230 364 2290 si
385 2229 437 2288 isti
458 2230 539 2288 renti
562 2248 622 2289 non
642 2234 746 2306 essent,
770 2231 1021 2306 quemadmodum
1044 2231 1133 2290 etiam

115 2322 205 2382 homo
229 2323 312 2380 totus
334 2318 533 2393 scinderetur,
561 2320 586 2378 si
610 2337 674 2379 ossa
695 2338 755 2379 non
777 2319 908 2380 haberat.
955 2320 1132 2397 Principalis

115 2413 194 2470 enirn
217 2413 324 2470 ventus
352 2407 503 2468 orientalis
525 2409 620 2468 totam
649 2409 821 2468 orientalem
849 2409 971 2486 plagam
994 2409 1131 2484 continet,

115 2506 146 2560 et
167 2498 342 2577 principalis
368 2499 475 2558 ventus
504 2497 693 2557 occidentalis
724 2499 820 2557 totam
851 2498 972 2575 plagam
1000 2498 1129 2558 oceiden·
1145 2509 1173 2553 25

115 2590 215 2660 talem,
240 2605 273 2646 ac
295 2586 466 2663 principalis
488 2588 595 2646 ventus
611 2587 749 2646 australis
763 2589 859 2646 totam
881 2588 1001 2664 plagam
1016 2589 1131 2646 austra-

115 2680 182 2754 lem,
206 2680 296 2752 atque
318 2675 491 2751 principalis
513 2677 620 2737 ventus
643 2676 882 2751 septentrionalis
904 2678 998 2736 totam
1013 2677 1133 2753 plagam

115 2766 384 2844 septentrionalem.

183 2857 230 2916 Dc
252 2855 348 2915 acatis
370 2853 596 2915 codowrolibus.
641 2853 680 2912 Et
702 2854 907 2930 unusquisque
929 2855 1035 2913 ventus
1059 2853 1131 2913 isto·

115 2965 185 3006 rum
206 2943 418 3021 principalium
441 2942 515 3003 duos
538 2942 612 3002 alios
635 2942 793 3003 debiliores
815 2943 872 3003 sibi
900 2943 1027 3002 astantes
1048 2944 1173 3002 relutso

117 3035 176 3095 duo
200 3033 320 3094 brachia
341 3031 438 3105 habet,
466 3032 498 3092 in
521 3050 596 3109 quos
624 3032 775 3092 interdum
799 3033 942 3109 quasdam
964 3032 1042 3091 vires
1065 3049 1133 3091 suas

116 3125 240 3201 expirat.
284 3120 339 3181 isti
362 3122 440 3180 enim
456 3119 611 3181 debiliores
625 3122 707 3182 venti
724 3121 847 3181 eandem
862 3124 1000 3181 naturam
1014 3119 1132 3197 habent,

117 3233 207 3291 quam
242 3215 272 3271 et
304 3211 482 3287 principales
514 3212 598 3271 venti
627 3229 729 3270 eorum
758 3213 870 3287 tonent,
903 3211 947 3268 ita
978 3213 1015 3268 ut
1043 3227 1133 3268 unus·

118 3303 243 3378 quisque
275 3300 450 3359 inferiorum
481 3303 639 3361 ventorum
668 3300 863 3376 principalem
894 3302 1018 3359 ventum
1049 3298 1133 3359 velut

119 3394 207 3468 eaput
229 3409 318 3450 suum
339 3390 482 3461 imitetur,
507 3391 617 3466 quanto
639 3389 736 3448 multo
751 3390 882 3448 minores
905 3389 981 3449 vires
1004 3387 1172 3446 habeantur

118 3485 148 3541 et
170 3480 250 3557 quod
272 3498 362 3538 unam
384 3479 463 3538 viam
495 3497 563 3538 oum
592 3479 748 3554 principali
772 3481 859 3538 vento
880 3494 933 3536 suo
956 3476 1073 3552 habent,
1096 3478 1132 3533 ut

119 3569 192 3630 duae
215 3585 302 3629 aures
323 3587 415 3627 unam
436 3568 515 3628 viam
540 3567 660 3626 auditus
682 3566 826 3642 incapite
847 3568 957 3628 tenent.
1002 3564 1042 3622 Et
1064 3582 1132 3622 cum
