2662 3932
201 185 242 244 80
585 172 831 230 mauraneum

200 364 246 424 vis
268 360 394 420 interius
416 361 550 420 remanet
571 361 602 418 et
623 357 742 418 inscisio
764 357 962 434 supercrescit
976 359 1007 418 et
1021 358 1158 419 durescit
1182 359 1227 418 ad

115 533 118 539 Ι
201 454 375 512 crescentem
398 451 509 511 lunam.

267 541 313 600 De
345 539 505 599 herborum
539 538 713 599 collectione.
765 535 887 596 Nobiles
922 538 1023 596 autem
1058 540 1088 597 et
1121 537 1224 596 bonae
1316 597 1317 604 ,

200 629 309 688 herbae
336 628 361 688 si
388 628 419 686 in
452 629 611 705 augmento
638 627 727 685 lunae
754 625 790 685 de
817 628 899 685 terra
926 626 1141 686 abscinduntur
1170 628 1225 686 vel

175 718 399 790 seradicantur,
422 735 491 776 cum
513 717 617 793 plenae
640 718 718 787 sunt,
740 714 877 775 meliores
901 715 938 773 ad
957 715 1118 774 electuaria
1133 718 1165 774 et
1181 715 1225 774 ad

200 810 353 884 unguenta
383 809 413 866 et
445 805 482 864 ed
512 823 663 882 quemque
690 803 867 864 medicinam
889 804 991 864 valent
1018 823 1109 881 quam
1136 804 1163 862 si
1187 805 1222 862 in

202 896 378 956 detrimento
402 896 491 954 lunae
514 894 704 970 colligantur.

267 987 314 1045 Dc
339 1001 499 1059 porrorum
531 983 706 1046 collectione.
749 980 807 1043 Sed
842 984 873 1041 et
907 1001 1042 1058 quaeque
1073 982 1155 1041 olere
1189 986 1222 1042 11

200 1094 303 1152 poma,
336 1092 412 1149 quae
443 1073 475 1131 in
507 1074 668 1148 augmento
700 1071 789 1131 lunae
820 1072 1019 1148 colliguntur,
1053 1074 1084 1130 et
1117 1089 1221 1130 carnes

162 1175 189 1221 10
202 1182 356 1240 pecorum,
389 1181 465 1238 quae
487 1161 578 1220 etiam
601 1161 791 1235 occiduntur,
823 1161 965 1220 maiorem
987 1160 1156 1219 ubertatem
1181 1161 1221 1219 ad

201 1272 284 1312 esum
315 1250 436 1327 habent,
467 1250 538 1326 quie
564 1253 638 1309 tunc
665 1253 719 1308 aut
745 1267 832 1309 succo
860 1253 914 1308 aut
941 1249 1084 1327 sanguine
1113 1250 1222 1325 plenae

201 1344 284 1416 sunt,
315 1359 406 1417 quam
438 1339 465 1398 si
493 1339 525 1398 in
548 1338 726 1398 detrimento
748 1339 837 1398 lunae
860 1338 1042 1415 colligantur
1065 1340 1119 1397 aut
1141 1339 1220 1397 occi-

138 1445 141 1452 '
202 1432 319 1500 dantur,
343 1430 464 1504 excepto
488 1428 514 1487 11
537 1427 652 1487 diutius
672 1427 784 1487 servari
799 1427 965 1502 debuerint,
989 1427 1130 1504 quoniam
1145 1432 1223 1487 tunc

200 1519 306 1577 melius
319 1520 349 1577 et
359 1517 467 1577 utilius
478 1521 524 1576 111
534 1520 659 1594 propter
668 1516 906 1576 constrictionem
917 1516 1111 1576 decrescentis
1119 1515 1221 1593 lunae,

161 1619 188 1664 15
203 1627 263 1684 qua
292 1606 549 1683 constringuntur,
577 1609 614 1664 ut
641 1606 722 1665 olera
749 1608 780 1665 11
801 1625 890 1682 poma
913 1604 1094 1680 colligantur
1118 1608 1149 1664 et
1170 1625 1222 1682 pe-

201 1715 269 1756 cora
284 1695 457 1755 occidantur
471 1695 503 1755 in
519 1695 696 1756 detrimento
711 1695 806 1767 lunae,
831 1695 973 1771 quatinus
995 1697 1079 1754 tanto
1101 1693 1221 1754 diutius
1316 1739 1317 1762 ,

202 1786 309 1845 durare
332 1785 456 1847 valeant.
1316 1773 1317 1798 i

266 1875 312 1934 Dc
341 1877 468 1950 segetum
494 1874 650 1933 1111111111.
697 1872 894 1932 Frumentum
917 1891 1050 1949 quoque,
1081 1872 1162 1948 quod
1185 1873 1221 1931 in

202 1967 361 2041 augmento
384 1963 471 2022 lunae
493 1982 548 2039 per
574 1979 714 2022 messores
743 1962 775 2020 in
801 1979 894 2021 messe
922 1961 1118 2036 abscinditur,
1149 1964 1220 2039 plus

161 2053 312 2112 wiarinae
340 2051 451 2124 reddit,
481 2071 570 2127 quam
598 2051 677 2110 siin
700 2050 879 2110 detrimento
902 2050 965 2110 eius
988 2049 1219 2126 abscinderetur,

203 2143 344 2219 quoniam
366 2142 398 2200 in
418 2143 578 2218 augmento
593 2140 682 2199 lunae
696 2139 913 2216 plenitudinem
927 2158 1012 2199 suam
1027 2140 1059 2198 in
1074 2158 1105 2198 se
1120 2140 1218 2215 babet,

201 2251 277 2308 quae
308 2231 340 2289 in
366 2230 544 2290 detrimento
572 2229 655 2289 illius
682 2229 871 2304 aliquantum
893 2229 1027 2288 strictior
1049 2229 1115 2292 erit.
1160 2227 1218 2288 Sed

202 2324 302 2380 temen
334 2319 415 2397 quod
443 2319 475 2377 in
502 2318 687 2378 decrescente
711 2318 785 2376 luna
812 2317 1010 2393 abscinditur,
1039 2318 1073 2396 in
1102 2318 1218 2378 virtute

201 2427 255 2469 sua
286 2409 401 2468 diutius
433 2407 541 2466 durare
572 2408 685 2484 potest,
718 2427 808 2483 quam
838 2407 863 2466 si
894 2407 926 2465 in
954 2410 1101 2466 crescente
1128 2407 1217 2466 lunae

160 2508 187 2554 25
202 2497 402 2561 abscindatur.
445 2496 486 2555 111
516 2497 712 2572 frumentum,
745 2495 826 2572 quod
854 2496 885 2555 in
916 2497 1098 2555 incremento
1129 2496 1216 2556 lunae

203 2588 398 2662 abscinditur,
431 2585 483 2645 sed
510 2584 542 2644 in
568 2588 679 2644 terram
710 2602 765 2661 pro
792 2585 902 2644 semine
931 2585 1093 2662 proicitur,
1128 2586 1216 2645 citius

203 2677 316 2736 radices
348 2674 429 2752 capit
459 2677 490 2734 et
519 2674 609 2734 citius
638 2674 670 2732 in
697 2693 819 2751 gramen
846 2674 946 2751 surgit
972 2679 1003 2734 et
1029 2674 1120 2734 citius
1147 2676 1216 2752 plus

203 2765 345 2842 graminis
372 2764 472 2839 affert,
505 2763 529 2822 si
565 2765 664 2822 temen
694 2763 792 2822 minus
823 2763 979 2839 frumenti,
1010 2783 1102 2840 quam
1133 2764 1159 2823 si
1185 2763 1217 2823 in

202 2854 385 2914 decrescente
407 2853 496 2912 lunae
518 2853 717 2913 abscindatur.

160 2955 188 3001 so
213 2965 216 2974 ·
267 2943 313 3003 De
341 2946 469 3016 tempore
495 2942 677 3005 seminandi.
726 2940 814 3011 Quod
844 2944 944 3000 autem
975 2941 1008 3001 in
1039 2941 1216 3002 detrimento

201 3033 288 3090 lunae
321 3030 516 3106 abscinditur,
550 3030 575 3090 si
605 3030 784 3090 seminatum
811 3030 916 3105 tuerit,
946 3031 1063 3091 tardius
1096 3030 1217 3109 quidem

204 3121 302 3198 surgit
333 3123 363 3180 et
393 3119 498 3179 crescit
528 3123 558 3179 et
588 3120 687 3178 minus
722 3119 864 3196 mandris
897 3119 999 3194 habet,
1034 3121 1085 3180 sed
1118 3123 1217 3180 tamen

202 3210 345 3270 maiorem
368 3208 537 3268 ubertatem
559 3209 704 3268 frumenti
727 3209 821 3285 effert,
845 3228 936 3286 quam
960 3209 987 3268 si
1008 3209 1040 3268 in
1056 3214 1216 3287 augmento

201 3300 290 3358 lunae
321 3297 468 3358 abscisum
507 3298 621 3358 fuisset.
675 3296 734 3357 Sed
768 3301 799 3358 11
834 3297 1071 3375 unumquodque
1109 3317 1217 3374 semen,

161 3399 189 3444 15
203 3388 284 3466 quod
306 3388 337 3447 in
360 3389 506 3448 crescente
528 3388 601 3446 luna
622 3387 654 3445 in
677 3396 788 3446 terram
810 3386 966 3465 proicitur,
989 3388 1078 3447 citius
1094 3387 1216 3464 quidem

202 3477 303 3554 surgit
324 3478 355 3538 11
377 3477 482 3537 1111111
504 3482 535 3538 11
556 3477 625 3554 plus
647 3477 790 3554 graminis
812 3476 914 3551 babet,
945 3476 1026 3552 quod
1049 3495 1118 3535 cum
1141 3495 1215 3536 cres·

202 3570 284 3626 cente
316 3567 387 3625 luna
418 3566 558 3644 erigitur,
589 3587 680 3643 quam
711 3566 737 3626 si
763 3566 796 3625 in
822 3565 1005 3624 decrescente
1032 3564 1104 3624 luna
1131 3567 1215 3624 semi·
