2672 3924
199 163 262 222 120
584 155 831 212 HILDEGARDIS

173 417 174 420 Ἴ
198 339 370 400 eeasandum
392 343 445 415 eet,
468 339 548 416 qaia,
570 341 595 400 si
617 343 690 400 tune
711 340 839 416 amplius
861 339 914 399 illa
937 339 1039 400 effusio
1055 339 1239 414 emittitur,

197 429 306 488 livores
328 429 471 506 sanguine
494 429 600 490 amisso
623 429 886 514 superhabundant
907 431 937 489 et
951 428 1161 488 melancoliam
1194 447 1240 488 ac

198 517 272 586 aliae
293 520 389 593 pestes
411 516 443 577 in
465 520 568 578 eodem
590 518 709 578 bomine
728 518 865 590 excitant,
897 518 1039 594 quoniam
1055 521 1241 594 paupertas

198 606 351 684 sanguinis
374 607 415 666 eis
442 608 576 670 resistere
607 627 666 667 non
693 607 783 670 valet.
827 607 884 668 Sed
911 611 942 666 et
965 607 1240 684 quamadmodum

59 724 64 732 ¹
170 695 307 756 sesamae
329 697 447 772 corpori
469 697 547 758 vires
569 697 686 772 minuit,
709 697 754 756 ita
767 697 859 756 etiam
872 697 1066 756 bnmedamta
1084 697 1240 756 minutio

197 785 351 862 sanguinis
373 803 480 862 eorpus
502 785 599 846 debile
621 786 701 862 facit,
725 786 877 846 moderate
899 804 970 847 vero
993 787 1112 862 eorpori
1135 787 1235 844 sani-

197 875 290 934 tatem
316 873 437 951 tribuit,
472 875 551 934 daut
577 878 608 934 et
629 875 906 935 moderatuscibus
934 877 965 934 et
992 877 1084 950 potus
1106 891 1239 950 eorpus
1327 942 1328 953 χ

199 963 391 1126 summo
412 1053 579 1114 minuatur.
625 1051 684 1122 Qui
706 1053 792 1114 fortia
815 1055 845 1112 et
866 1071 954 1114 senua
981 1054 1073 1128 alque
1100 1069 1236 1112 crassus

159 1155 186 1201 10
198 1141 229 1200 in
252 1158 376 1217 corpora
398 1145 451 1217 eet,
474 1141 526 1201 ille
547 1142 578 1200 in
597 1142 687 1202 tertio
703 1159 802 1202 mense
816 1141 940 1216 minuat,
963 1141 1036 1217 quia
1048 1139 1080 1200 in
1094 1139 1234 1201 duobus
1326 1143 1327 1146 ’

198 1231 364 1308 augmentis
394 1233 425 1290 et
456 1229 488 1288 in
527 1229 643 1291 duobus
681 1230 865 1292 detrimentis
898 1231 986 1290 lunae
1023 1231 1144 1308 sangnis
1185 1231 1231 1289 in

197 1319 314 1379 homine
350 1319 410 1378 iam
448 1317 486 1378 ed
518 1337 549 1378 se
580 1319 669 1379 rediit
707 1323 737 1380 et
769 1338 859 1379 venae
892 1320 955 1379 eius
992 1319 1097 1394 planae
1135 1324 1228 1390 sunt,

174 1414 176 1416 ’
198 1407 347 1482 quoniam,
371 1407 396 1466 si
418 1407 505 1483 prius
526 1408 675 1484 minuerit,
697 1426 728 1468 ee
751 1408 878 1469 debilem
900 1409 992 1479 feeit,
1004 1408 1076 1484 qnia
1091 1408 1227 1485 sangnis

198 1495 329 1556 nondum
362 1496 439 1556 virae
469 1515 537 1556 suas
573 1497 612 1557 ad
646 1499 770 1574 plenum
801 1497 925 1574 recepit,
965 1497 1013 1558 vel
1042 1497 1068 1557 ei
1100 1497 1226 1558 diutins

159 1599 187 1645 15
199 1583 359 1661 distulerit,
390 1586 512 1662 sanguis
541 1586 572 1645 in
595 1605 629 1646 ao
652 1587 916 1663 superhabundans
937 1585 1081 1662 inliditur,
1113 1585 1225 1647 idest

199 1673 284 1749 quasi
316 1675 347 1733 in
379 1675 472 1735 faeees
508 1675 647 1739 vertitur.
702 1675 739 1736 In
776 1675 954 1736 detrimento
992 1678 1092 1736 antem
1124 1675 1223 1734 lunae

197 1762 322 1836 minuat,
334 1763 446 1824 seilicet
458 1765 491 1823 in
505 1765 603 1840 prima
617 1764 673 1838 die,
686 1783 755 1826 οηηη
766 1766 838 1825 luna
848 1764 1014 1824 decressere
1028 1764 1143 1840 insipit
1161 1770 1223 1824 aut

197 1853 229 1912 in
251 1853 379 1914 sananda
400 1857 453 1913 aut
474 1853 506 1912 in
529 1855 618 1914 tertia
640 1857 693 1914 aut
715 1855 745 1914 in
769 1857 876 1930 quarta
898 1853 1005 1915 autin
1032 1852 1138 1930 quinta
1161 1857 1225 1914 aut

201 1943 233 2002 in
256 1945 338 2004 sexta
359 1941 414 2014 die,
437 1944 468 2002 et
489 1946 561 2004 tanc
584 1947 683 2016 cesset,
706 1944 778 2020 quia
799 1944 883 2020 prior
906 1948 937 2003 et
950 1945 1070 2019 postera
1083 1942 1220 2003 minutio

161 2044 189 2089 so
202 2036 264 2090 tam
287 2032 370 2092 utilis
392 2050 451 2090 non
473 2031 542 2104 erib;
572 2034 603 2090 et
628 2050 686 2091 ηοη
714 2033 830 2092 minuat
855 2032 886 2091 in
913 2033 1093 2092 incremento
1116 2031 1221 2104 lunae,

198 2119 279 2194 quod
300 2120 427 2179 minutio
451 2118 504 2178 illa
525 2120 630 2180 nociva
653 2125 706 2195 est,
730 2121 871 2198 quoniam
891 2123 963 2180 tune
977 2121 1061 2182 tabas
1074 2121 1218 2198 sangnini

198 2208 367 2268 intermixta
398 2208 485 2268 facila
518 2209 555 2269 ab
589 2227 624 2268 eo
647 2210 780 2286 separari
813 2229 870 2270 non
910 2212 1019 2286 potest.
1073 2207 1148 2268 Nam
1184 2210 1218 2269 in

199 2300 357 2373 augmento
383 2297 472 2356 lunae
499 2298 620 2374 sanguia
647 2301 678 2357 et
707 2299 790 2360 tabes
816 2299 908 2359 simul
933 2299 966 2358 in
986 2297 1106 2358 bomine
1128 2300 1219 2374 qnasi

198 2385 350 2445 moderate
380 2385 479 2444 fluunt
509 2404 563 2445 nee
589 2405 619 2446 se
650 2392 723 2446 tunc
753 2388 839 2448 faeile
866 2389 995 2463 separari
1022 2387 1216 2463 permittunt„

157 2487 185 2533 ss
199 2473 276 2534 sieut
287 2473 404 2549 fluvius,
420 2473 473 2550 qui
487 2475 519 2533 in
533 2475 598 2534 Ιοοο
614 2495 668 2536 suo
684 2479 845 2553 temperata
858 2491 978 2538 currens
989 2477 1110 2537 modum
1122 2493 1218 2536 suum

197 2566 308 2636 servat3
339 2563 371 2622 in
398 2563 574 2624 detrimento
597 2569 697 2625 autem
720 2565 807 2625 lunae
829 2567 950 2644 sanguis
973 2566 1092 2626 tenenti
1113 2567 1144 2624 ab
1164 2565 1214 2624 in·

197 2653 310 2712 undare
337 2652 433 2730 magis
464 2652 570 2728 insipit
596 2659 627 2713 et
649 2653 748 2714 tabem
779 2655 989 2731 supereffluere
1015 2655 1100 2727 facit,
1128 2653 1219 2715 velut

197 2741 284 2802 fortis
317 2740 472 2802 inundatio
507 2761 610 2818 aquae,
644 2761 720 2820 quae
754 2742 866 2804 foetida
897 2743 929 2803 in
960 2761 992 2804 ae
1023 2742 1155 2804 ostendit
1182 2749 1219 2804 et

198 2847 334 2905 spumam
357 2828 392 2889 de
414 2847 445 2890 se
469 2831 546 2893 eicit.
584 2830 642 2892 Sed
664 2832 790 2896 minutio
812 2833 845 2891 in
866 2833 948 2892 venis
972 2833 1067 2910 magis
1093 2831 1217 2892 senibus

156 2927 185 2974 ³0
198 2919 338 2996 congruit
359 2937 449 2994 quam
472 2920 637 2994 iuvenibus,
661 2921 803 2998 quoniam
825 2922 946 2999 sangnis
960 2922 992 2981 in
1006 2921 1088 2982 venis
1109 2939 1216 2982 aenum

197 3007 265 3084 plus
287 3007 354 3066 tabe
378 3007 542 3083 permixtus
565 3014 609 3070 eet
631 3029 722 3086 quam
745 3011 864 3088 sangnis
892 3011 922 3070 in
950 3010 1032 3071 vanis
1059 3011 1215 3076 iuvenum.

197 3095 346 3156 Maesulus
376 3101 488 3168 tamen,
522 3099 548 3158 si
580 3116 698 3160 neeesse
727 3099 831 3172 fuerit,
865 3100 897 3158 in
927 3099 1102 3160 duedeeimo
1132 3118 1211 3159 anno

198 3185 304 3244 aetatis
317 3203 388 3246 suae
404 3204 508 3246 venam
532 3187 660 3248 incidere
682 3191 789 3264 potest,
814 3187 896 3264 quod
919 3190 1040 3267 sanguia
1054 3190 1086 3250 in
1100 3207 1135 3249 ee
1149 3188 1211 3248 iam

198 3274 382 3334 eonfortetua
405 3278 461 3351 eat,
494 3273 544 3335 sed
571 3279 671 3337 tamen
702 3277 739 3337 ad
773 3295 941 3338 mammam
969 3278 1054 3338 illem
1086 3278 1212 3352 minuat,

158 3367 346 3440 sequentum
372 3364 449 3424 duae
475 3367 567 3426 testae
598 3384 682 3426 nuets
713 3367 803 3428 unius
830 3384 933 3443 sapere
960 3368 1073 3444 ament,
1103 3370 1134 3427 at
1155 3365 1214 3427 boa

199 3453 290 3516 faeiat
321 3453 412 3512 semel
444 3453 475 3513 in
513 3472 589 3514 anno
626 3460 657 3516 ab
686 3473 782 3531 usque
815 3454 853 3515 ed
885 3456 1025 3532 quintum
1064 3455 1212 3516 decimum

199 3561 318 3616 annum,
351 3542 455 3618 quinto
490 3542 603 3603 decimo
637 3545 738 3603 antem
771 3561 860 3618 anno,
895 3543 967 3620 quia
996 3544 1057 3602 iam
1091 3543 1210 3621 sanguis
