2680 3938
186 187 227 246 44
571 175 819 232 nunnoianrs

184 365 216 422 in
245 362 365 422 homine
396 363 562 438 firmantur,
594 361 676 438 quod
706 381 761 437 per
792 361 889 437 ipsam
920 360 1042 438 sanguis
1072 361 1142 420 fluit
1177 365 1223 421 et

184 454 286 531 guttas
308 452 399 512 habat
422 471 455 511 ac
479 455 578 512 totum
599 469 705 527 corpus
728 453 837 514 moret.
882 448 951 526 Ipsa
974 450 1065 510 etiam
1088 468 1215 510 carnem
1333 491 1334 520 2

184 561 253 601 cnm
285 542 428 619 sanguine
460 541 625 617 perfundit,
657 543 694 600 ut
722 540 829 599 durare
860 539 963 615 possit,
995 539 1080 599 velut
1113 540 1212 600 etiam

183 635 293 690 terram
317 632 512 708 conglutinat.
559 630 617 690 Sed
631 629 827 706 frigiditatem
851 647 944 703 equae
973 628 1051 705 ignis
1074 633 1205 706 superat,

157 720 227 778 sita
250 719 332 795 qnod
354 721 430 797 fluit,
453 725 483 780 et
505 739 583 796 aqua
605 738 674 782 oum
696 719 765 794 igne
788 719 818 776 et
833 717 1000 794 frigiditate
1023 735 1077 777 sua
1091 719 1207 778 terram

186 809 229 867 ita
251 809 415 886 perfundit,
439 808 518 886 quod
541 827 595 884 per
619 826 653 866 ea
676 807 820 868 firmatur.
860 807 900 865 llt
914 807 993 883 gelu,
1017 806 1097 883 quod
1112 827 1207 884 aquas

183 916 237 973 per
259 899 386 976 glaciem
407 899 536 969 indurat,
559 898 591 955 in
613 895 762 972 lapidibus
777 899 829 970 est,
851 895 931 954 unde
945 895 992 954 illi
1007 895 1120 955 molliri
1142 915 1206 956 non

184 990 316 1064 possunt,
340 986 589 1065 quemadmodum
612 987 702 1045 etiam
725 1004 791 1045 ossa
812 985 844 1043 in
867 1003 954 1044 carne
975 984 1103 1044 hominia
1127 984 1206 1046 dura

185 1081 262 1140 sunt.
308 1077 357 1137 Sic
380 1096 458 1153 aqua
480 1076 511 1134 in
533 1075 676 1153 sangnine
690 1074 818 1134 hominis
834 1074 970 1146 calorem,
993 1074 1206 1150 inspiratione

144 1177 172 1223 10
185 1167 248 1225 eius
271 1185 377 1241 aerem,
399 1166 430 1223 in
455 1161 635 1240 perfectione
659 1164 822 1240 humorem,
853 1163 885 1221 in
908 1163 1087 1239 purgatione
1114 1164 1204 1222 iuun-

185 1239 341 1331 dationem,
369 1255 401 1312 in
423 1253 609 1332 vegetatione
631 1254 828 1324 velocitatem,
851 1252 882 1310 in
899 1252 1116 1312 confortatione
1138 1271 1204 1314 suc-

185 1363 261 1420 cum,
288 1345 320 1401 in
342 1343 567 1402 fructificatione
590 1346 727 1420 gustum,
754 1343 786 1401 in
809 1341 954 1401 erectione
977 1341 1144 1418 viridatem,
1172 1343 1205 1402 in

185 1433 361 1492 fortitudine
376 1432 586 1492 humiditatem
600 1451 634 1492 ac
655 1432 687 1491 in
707 1430 844 1491 omnibus
865 1430 1091 1507 compaginibus
1109 1431 1205 1507 ipsius

185 1521 434 1582 humectationem
457 1522 634 1581 manifestat.
665 1521 756 1580 Terra
771 1538 889 1597 quoque
909 1538 978 1578 cum
1001 1521 1114 1595 septem
1129 1521 1203 1581 riri-

144 1624 171 1668 15
184 1609 240 1670 bus
263 1611 332 1687 suis,
356 1630 431 1687 quae
453 1611 651 1688 praescriptae
674 1613 753 1685 sunt,
767 1611 799 1668 in
814 1627 899 1668 carne
922 1627 956 1668 ac
976 1610 1008 1667 in
1024 1608 1137 1668 ossibus
1151 1609 1203 1669 ho-

184 1699 273 1759 minis
296 1704 348 1777 est,
372 1704 402 1760 et
424 1719 492 1761 caro
515 1701 575 1760 illis
597 1699 720 1759 humida
742 1702 786 1759 est
809 1700 839 1757 et
861 1697 975 1760 crescit.

250 1790 296 1850 Dc
318 1807 419 1855 carrae.
464 1789 521 1850 Sed
536 1790 614 1849 sicut
627 1792 708 1848 terra
730 1807 798 1847 cum
820 1788 890 1864 igne
912 1789 942 1846 ct
964 1806 1042 1862 aqna
1055 1787 1202 1864 firmatur,

184 1879 226 1937 sic
267 1898 334 1957 caro
376 1880 502 1940 hominis
538 1898 606 1939 cum
642 1877 723 1938 venis
758 1879 788 1936 et
822 1875 1000 1935 humiditate
1038 1877 1203 1952 composita

185 1970 237 2028 est.
292 1969 337 2029 De
374 1969 528 2047 geliditate
562 1970 662 2027 autem
697 1966 760 2026 eius
800 1965 969 2042 coagulatio
1009 1966 1121 2025 ossium
1160 1965 1203 2026 fit

143 2070 171 2115 ro
184 2055 243 2116 Sed
274 2059 353 2136 ignis
382 2059 455 2118 haec
478 2058 576 2118 omnia
597 2058 727 2132 superat,
757 2055 802 2114 ita
823 2054 905 2132 quod
927 2054 1075 2114 fortitudo
1097 2055 1130 2114 in
1150 2054 1202 2114 ho·

184 2145 263 2204 mine
286 2150 339 2208 est.
386 2146 461 2206 Oaro
494 2147 571 2206 enim
601 2145 729 2205 hominis
756 2144 792 2204 da
822 2147 902 2204 terra
929 2146 973 2203 est
1001 2146 1031 2203 et
1057 2143 1203 2221 frigidum

184 2234 339 2294 humorem
362 2234 460 2311 habet,
484 2236 534 2295 sed
556 2236 676 2313 sanguis
698 2234 780 2292 illam
805 2233 952 2305 calefacit3
975 2235 1006 2292 et
1027 2232 1053 2292 si
1075 2232 1111 2292 de
1135 2233 1202 2309 ipso

184 2342 243 2382 non
266 2324 420 2400 calefieret,
444 2325 475 2384 in
494 2325 604 2397 lutum,
627 2327 664 2382 ut
685 2324 769 2398 prius
791 2323 859 2399 fuit,
882 2322 1006 2395 rediret3
1030 2324 1060 2381 et
1081 2322 1148 2382 ideo
1165 2321 1202 2381 de

185 2411 282 2472 calore
304 2413 456 2490 sanguinis
479 2414 557 2473 siout
579 2416 659 2472 tarra
681 2412 717 2470 de
741 2413 837 2471 calore
861 2412 931 2471 solis
953 2410 1098 2472 firmatur.
1144 2410 1202 2471 Sed

143 2513 171 2558 25
184 2506 284 2562 tamen
307 2502 343 2562 de
365 2503 490 2562 mollitie
513 2522 566 2562 sua
593 2503 754 2579 sanguinea
780 2505 825 2561 eet
847 2503 876 2560 et
898 2500 977 2561 vires
999 2503 1096 2560 terrae
1118 2500 1150 2558 in
1172 2519 1203 2560 se

184 2591 282 2652 habet.
311 2589 386 2652 Nam
402 2593 438 2651 de
453 2592 564 2669 frigida
578 2591 758 2650 humiditate
773 2591 871 2665 sudat,
895 2590 932 2648 de
952 2589 1058 2649 ardore
1078 2591 1202 2666 aestuat,

185 2682 214 2739 et
227 2679 337 2756 absque
350 2682 525 2759 frigiditate,
538 2679 788 2758 quemadmodum
802 2682 887 2751 terra,
901 2678 1009 2737 durare
1020 2696 1079 2738 non
1094 2682 1203 2755 posset

252 2771 299 2829 Dc
320 2773 517 2844 peractione.
562 2770 660 2830 Homo
689 2770 768 2828 enim
798 2768 835 2827 de
857 2767 1023 2845 frigiditate
1047 2770 1077 2826 et
1099 2767 1203 2828 calidi·

185 2861 246 2917 tate
268 2858 413 2919 fecundus
444 2862 489 2919 est
516 2878 550 2919 ac
577 2879 645 2918 cum
673 2858 777 2918 ceteris
800 2859 943 2917 creaturis
970 2857 1079 2915 laetam
1107 2857 1202 2916 vitam

143 2957 171 3001 so
184 2946 273 3006 hahet
303 2951 335 3007 et
366 2947 402 3008 de
424 2966 454 3008 se
477 2949 645 3026 genituram
675 2947 822 3024 producit,
855 2945 925 3022 quia
955 2945 1035 3005 calor
1065 2945 1202 3006 viriditas

184 3037 247 3096 eius
270 3055 304 3095 ao
326 3037 475 3114 frigiditas
498 3037 621 3096 ariditas
644 3037 707 3096 eius
729 3039 786 3108 est;
810 3053 911 3110 acper
932 3034 1116 3094 haecomnia
1136 3055 1201 3112 ger·

184 3125 286 3185 minat.
332 3125 407 3185 (lum
430 3130 529 3187 autem
552 3126 666 3186 homini
689 3128 822 3185 senectus
845 3124 1007 3199 advenerit,
1035 3123 1131 3184 omnis
1154 3143 1200 3183 ex·

184 3214 277 3274 terior
299 3216 378 3274 calor
396 3216 428 3274 in
442 3217 540 3293 ipsum
557 3215 735 3287 revertitnr;
758 3214 891 3290 alioquin
905 3213 1005 3274 vivere
1019 3231 1079 3272 non
1093 3215 1202 3289 posset.

183 3303 223 3363 Et
245 3304 288 3363 ita
311 3322 378 3364 caro
402 3305 464 3365 eius
488 3304 615 3365 exterius
630 3304 764 3381 frigescit
787 3305 817 3364 et
839 3304 902 3379 ipse
923 3301 1048 3362 interius
1068 3302 1202 3376 calescit3

144 3403 172 3448 35
185 3393 263 3452 unde
286 3393 433 3470 quidquid
455 3396 540 3454 retus
562 3393 651 3454 homo
672 3394 744 3471 agit,
766 3392 798 3450 in
820 3392 876 3452 hoc
899 3393 957 3452 cito
973 3391 1127 3469 fatigatur.
1163 3391 1203 3450 Et

185 3482 322 3541 animalia
360 3483 387 3542 ei
419 3485 586 3559 adhaerent,
620 3502 687 3544 cum
718 3484 782 3559 ipse
816 3481 876 3541 illis
908 3480 1041 3556 pascitur
1073 3482 1102 3538 et
1134 3498 1202 3539 cum

184 3571 273 3631 etiam
295 3572 349 3632 illa
370 3575 474 3652 pascit,
508 3576 538 3634 et
560 3574 601 3634 sic
630 3573 728 3633 omnia
749 3572 823 3649 fert,
857 3590 926 3631 cum
949 3569 1043 3629 omnis
1067 3571 1203 3628 creatura
