2662 3932
400 134 544 190 CAUSAE
563 137 610 190 ET
628 135 749 191 suurn
768 135 834 190 LIB.
853 137 887 191 11.
1087 143 1149 201 135

130 321 223 379 ineo
246 321 407 379 moventur
430 322 459 379 et
481 318 635 395 liquefeoti
662 338 716 394 per
743 320 953 397 purgationem
977 319 1013 378 de
1028 320 1152 380 naribus

128 409 274 484 effluunt,
308 408 387 468 naut
413 408 503 466 etiam
530 427 641 468 novum
669 409 771 469 vinum
799 410 830 467 in
852 427 904 469 vae
926 409 1028 468 fusum
1051 409 1153 473 sordes.

129 502 162 558 et
184 498 278 557 faeoes
294 516 324 556 se
339 498 494 576 purgando
511 497 589 556 eicit.
620 497 705 568 Quod
729 497 755 557 si
777 498 844 574 quis
866 498 955 557 bomo
978 497 1151 560 huiusmodi

127 589 344 664 purgationem
366 587 467 664 aliquo
495 585 583 646 modo
610 587 641 645 in
669 605 699 646 ss
726 587 868 646 retineret
894 605 947 646 seu
969 587 1152 662 prohiberet,

127 697 168 736 ne
191 677 340 748 efflueret,
371 677 415 735 ita
445 694 475 735 se
505 675 641 750 laederet,
669 677 753 735 velut
779 676 804 736 si
827 675 1022 753 digestionem
1049 677 1097 736 vel
1124 678 1178 736 sis

128 766 252 824 urinam
274 766 305 824 iu
328 784 358 826 se
382 765 553 837 contineret,
576 784 612 823 ne
632 768 765 841 tempora
785 783 840 825 suo
855 765 1055 841 procederent.
1093 765 1151 826 seo

130 855 158 914 si
182 855 234 914 alii
256 855 395 914 humores
417 854 461 912 ita
484 855 632 930 superflue
654 854 715 913 illis
742 855 898 929 secedunt,
930 853 1010 930 quod
1038 874 1073 914 ex
1095 856 1151 916 hoo

127 944 242 1003 nimius
265 943 351 1003 dolor
374 943 506 1019 eorporis
529 943 677 1018 extremit,
700 946 772 1002 tuno
793 943 969 1002 medisinam
991 943 1092 1019 faeiat,
1115 947 1151 1003 ut

128 1035 215 1093 tanto
238 1034 359 1094 suavius
382 1033 512 1094 effluant.

197 1123 244 1182 De
254 1123 436 1196 potionibus.
477 1121 617 1182 Potionee
639 1124 746 1196 autem,
770 1140 845 1197 quae
867 1122 1051 1182 stomachum
1073 1141 1145 1196 pur·
1164 1129 1191 1176 10

130 1214 212 1289 gant,
236 1231 297 1270 non
317 1213 445 1287 prosunt
466 1211 526 1270 illis
558 1210 736 1286 bominibus,
767 1211 820 1287 qni
849 1210 935 1271 valde
964 1210 1154 1270 infirmantur

129 1305 159 1360 et
182 1302 236 1376 qui
258 1300 316 1360 hoo
338 1300 427 1360 modo
443 1300 565 1360 oontriti
581 1303 659 1376 sunt,
676 1300 756 1376 quod
772 1319 886 1376 semper
901 1319 918 1358 a
932 1300 1063 1376 paralysi
1084 1300 1150 1360 fati-

129 1393 258 1468 gantur-3
289 1408 343 1448 nea
375 1390 464 1448 etiem
495 1389 555 1449 illis
586 1391 720 1466 prosunt,
752 1390 805 1465 qui
836 1389 1007 1450 huiusmodi
1028 1389 1151 1453 mobiles

128 1479 269 1539 humores
291 1479 323 1537 in
345 1497 375 1539 se
398 1477 515 1551 habeut,
538 1479 592 1554 qui
615 1479 776 1538 seeundum
802 1478 1024 1538 inundationem
1051 1479 1151 1538 fiumi-

129 1587 203 1628 num
226 1567 283 1628 hao
305 1571 335 1627 et
356 1568 425 1627 illae
447 1569 510 1626 sine
532 1567 595 1628 ulla
616 1567 778 1627 stabilitate
800 1568 832 1626 in
854 1569 894 1628 eis
910 1568 1024 1628 assidue
1040 1569 1147 1632 diffun-
1164 1575 1191 1622 lo

129 1658 254 1730 duntur,
278 1658 350 1733 quia
364 1657 491 1732 sumptis
506 1655 678 1733 potionibus
700 1657 861 1717 laeduntur
883 1658 977 1733 magis
1001 1676 1091 1733 quam
1113 1657 1151 1718 ab

128 1747 172 1807 eis
204 1749 355 1809 sanentur.
398 1744 475 1804 Nam
504 1746 674 1806 huiusmodi
696 1745 835 1805 humores
864 1765 932 1806 oum
960 1747 1149 1807 astomaeho

127 1837 316 1912 emittuntur,
341 1839 372 1894 et
391 1836 469 1894 inter
490 1839 589 1895 eutem
610 1838 640 1894 et
660 1854 774 1896 earnem
791 1838 822 1894 et
838 1836 867 1894 in
882 1835 963 1894 venis
979 1835 1150 1912 frequenter

129 1926 305 1985 discurrunt
326 1943 379 1983 neo
400 1925 432 1982 in
451 1925 604 1984 'stomacho
627 1925 739 2000 pariter
771 1927 847 1996 sunt,
880 1928 910 1984 et
933 1923 998 1984 ideo
1023 1943 1089 1984 oum
1113 1925 1149 1992 ab

128 2015 231 2092 aliquo
254 2013 372 2073 bomine
395 2013 479 2088 potio
501 2014 533 2072 in
559 2013 744 2072 stomachum
777 2013 918 2089 mittitur,
950 2031 998 2074 eos
1035 2013 1078 2072 ibi
1111 2013 1191 2073 adso

129 2103 335 2180 expellendum
356 2121 416 2162 non
438 2103 559 2163 invenit.

197 2194 245 2252 De
261 2193 410 2266 paralysi.
455 2191 609 2267 Homines,
641 2192 695 2267 qui
724 2191 760 2251 de
788 2193 876 2268 gutta
907 2191 1052 2267 paralysis
1079 2210 1151 2252 oon-

129 2284 277 2354 teruntnr,
309 2285 347 2341 ut
377 2281 491 2340 dietum
524 2284 576 2352 est,
610 2284 641 2340 et
670 2281 723 2357 qui
753 2280 789 2340 de
810 2280 952 2356 praefatis
974 2281 1150 2343 humoribus

130 2371 306 2448 fatigantur,
328 2373 455 2445 prosunt
475 2371 611 2446 pulveres
625 2369 770 2430 nobilium
786 2372 818 2428 et
830 2370 975 2430 bonerum
989 2369 1149 2430 herbarum

130 2464 161 2520 et
191 2459 262 2519 boni
292 2478 326 2519 ao
357 2477 462 2520 suaves
492 2460 595 2518 odores
625 2459 824 2535 pretiosorum
854 2462 1033 2534 aromatum,
1071 2478 1144 2536 quo·
1160 2471 1189 2518 as

130 2548 212 2608 niam
234 2544 292 2608 ista
314 2548 436 2607 noxium
458 2549 585 2623 fumum,
608 2548 662 2624 qui
684 2569 702 2606 a
723 2547 879 2623 praedietis
894 2547 1068 2608 humoribus
1081 2567 1149 2624 pro-

131 2638 235 2698 cedens
256 2636 351 2697 malos
373 2637 513 2697 humores
535 2637 652 2713 excitet,
682 2637 828 2698 suavitate
850 2655 904 2696 sua
926 2637 1097 2713 deprimunt
1119 2642 1150 2698 ot

132 2729 326 2803 compereunt
353 2729 383 2786 et
415 2729 579 2788 attenuent.
631 2725 835 2802 Subscriptam
867 2729 966 2784 eutem
998 2725 1149 2802 potionem

131 2816 177 2876 illi
214 2815 347 2875 homines
375 2819 503 2888 sumant,
542 2815 594 2892 qui
631 2834 684 2875 neo
715 2816 752 2874 ad
783 2815 905 2890 plenum
938 2815 1001 2874 seni
1030 2835 1083 2876 neo
1112 2817 1150 2876 ad

131 2906 252 2982 plenum
274 2904 384 2963 infirmi
408 2907 486 2980 sunt,
509 2908 539 2964 et
562 2904 603 2963 eis
626 2904 782 2964 sanitatem
805 2905 928 2964 confert.
970 2903 1028 2964 Sed
1051 2909 1081 2966 et
1102 2906 1191 2966 illiso

131 3013 196 3054 eam
219 2997 345 3065 sumant,
370 2994 422 3069 qui
440 2995 503 3052 sani
526 2997 602 3066 sunt
626 2994 766 3070 quoniam
789 2994 946 3053 sanitatem
969 2995 1011 3054 eis
1033 2995 1149 3068 retinet,

132 3102 167 3142 ne
189 3083 383 3154 infirmentur,
407 3083 513 3158 atilli,
536 3083 588 3158 qui
612 3102 629 3140 a
652 3082 774 3143 diversis
797 3085 828 3142 et
848 3083 952 3142 multis
975 3085 1070 3158 epulis
1085 3085 1148 3160 piu·

135 3189 206 3250 guas
229 3175 259 3230 et
280 3172 388 3232 livosoe
411 3171 549 3232 humores
571 3173 602 3230 in
625 3191 656 3231 se
677 3173 795 3247 babent,
824 3173 965 3247 quoniam
987 3173 1093 3232 limum
1116 3192 1149 3233 ao

132 3261 241 3322 faecem
265 3265 296 3320 et
316 3260 414 3319 tabem
436 3262 599 3321 humorum
626 3261 749 3322 illorum
780 3261 885 3335 aufert,
919 3264 949 3320 et
981 3261 1028 3320 illi
1059 3262 1149 3322 etiam

133 3351 284 3427 aooipiaut‚
309 3351 362 3426 qui
377 3351 507 3425 aliquem
522 3350 623 3410 eibum
638 3353 837 3427 sumpserunt,
853 3351 931 3410 unde
947 3350 978 3409 in
994 3352 1188 3412 stomachosa

133 3439 240 3515 dolent,
264 3440 335 3516 quia
359 3440 491 3498 dolorem
513 3440 600 3498 illum
623 3440 742 3517 mitigat
764 3442 795 3498 et
810 3439 939 3513 expellit.
976 3439 1035 3509 Qui
1050 3444 1150 3499 autem

136 3548 199 3588 eam
221 3547 338 3588 sumere
360 3528 498 3604 voluerit,
522 3547 586 3587 eam
610 3532 663 3588 aut
685 3528 818 3587 inlunio
842 3531 895 3586 aut
909 3529 940 3586 in
956 3527 1043 3601 Iulio,
1067 3531 1145 3588 ante·
