2668 3924
404 175 547 232 cAUsnll
565 175 614 232 ΕΤ
631 176 751 232 01111111]
770 176 838 232 LIB.
856 176 891 232 V.
1090 183 1151 242 227

132 361 228 420 vicem
257 361 385 436 separati
404 378 462 419 non
485 362 567 433 sunt;
591 363 662 419 tnnc
684 359 772 420 homo
796 360 846 419 ille
869 360 1000 420 multum
1022 361 1103 420 dolet
1124 364 1155 420 et

132 453 260 508 mortem
288 450 338 510 vix
361 449 474 510 evadet.

204 539 250 598 Dc
272 539 364 600 molis
386 537 570 600 humoribus.
614 538 654 597 111
677 537 799 614 quidam
828 537 961 598 homines
992 543 1070 614 sunt,
1102 539 1155 614 qui

138 645 192 686 nec
216 628 348 687 dolorem
372 627 515 687 stomachi
546 646 599 686 nec
629 626 761 686 dolorem
785 627 884 686 lateris
906 629 1071 704 patiuntur,
1103 628 1152 688 sed

139 717 193 792 qui
217 716 292 776 alios
314 718 410 776 malos
431 716 570 775 humores
602 716 632 774 in
660 735 690 775 se
720 715 840 788 habent3
872 716 995 780 hicum
1017 717 1182 776 morituris

137 808 216 877 sunt,
240 806 365 865 interius
388 807 538 880 arescunt,
561 806 639 881 quod
664 805 835 880 repentinus
858 809 963 881 stupor
984 807 1154 880 repentinae

136 895 236 970 pestis,
259 895 398 955 videlieet
420 895 541 953 maioris
564 894 783 977 complexionis,
806 894 834 953 in
860 894 901 953 eis
924 895 1038 970 arripit,
1059 896 1089 954 et
1111 894 1154 953 id·

137 984 214 1042 circo
238 984 269 1042 in
292 983 456 1059 semetipsis
479 986 623 1042 arescunt.
669 983 708 1042 Et
729 983 839 1042 horum
860 984 946 1042 urina
967 986 1082 1043 rectum
1106 1002 1152 1044 co·
1213 1023 1215 1027 ,

134 1063 238 1147 loram,
269 1091 336 1131 cum
359 1073 391 1131 in
413 1072 525 1131 urinali
554 1072 710 1147 excipitur,
741 1073 838 1144 habet,
868 1073 948 1148 quod
978 1073 1062 1148 prius
1092 1073 1154 1132 sani

136 1161 272 1235 fuerunt3
301 1164 332 1220 et
354 1180 422 1220 cum
446 1160 549 1220 eadem
571 1161 659 1220 urina
681 1166 818 1238 suscepte
839 1162 938 1238 suerit,
966 1163 1038 1221 item
1065 1162 1195 1220 rolin-10

136 1253 249 1326 quatur
271 1252 303 1309 in
324 1251 443 1322 urinali,
476 1268 571 1325 usque
599 1250 670 1309 dum
697 1250 896 1328 infrigidatur.
942 1252 982 1310 111
1012 1252 1037 1310 si
1067 1251 1154 1311 homo

134 1339 186 1397 ille
209 1341 374 1399 moriturus
398 1343 450 1410 est,
472 1339 537 1413 ipsa
560 1339 654 1410 urina,
677 1359 746 1398 oum
768 1340 941 1418 infrigidata
963 1341 1063 1416 fuerit,
1086 1359 1155 1399 mox

134 1429 279 1504 pallescit,
303 1430 443 1506 quoniam
466 1429 545 1487 idem
567 1429 655 1488 homo
684 1448 737 1504 per
764 1429 933 1489 ariditatem
956 1429 1080 1488 interius
1102 1429 1153 1497 fri-

133 1517 223 1594 gidus
248 1521 301 1592 est,
325 1522 356 1577 et
378 1519 456 1578 circa
478 1517 564 1576 finem
588 1535 664 1593 pura
684 1521 736 1592 est,
761 1519 898 1594 quoniam
914 1519 982 1578 tabe
996 1519 1032 1578 ab
1047 1518 1152 1578 humo·

136 1607 220 1665 ribus
238 1609 269 1666 et
284 1627 301 1665 a
317 1608 459 1684 sanguine
474 1610 635 1681 separatur,
660 1609 690 1665 et
704 1608 841 1681 superins
857 1608 923 1683 erit,
939 1608 1023 1667 velut
1037 1609 1153 1668 modico
1168 1615 1195 1662 1⁵

131 1696 260 1771 pulvere
284 1715 401 1771 aspersa
423 1697 470 1766 sit,
503 1696 584 1771 quod
607 1695 746 1756 humores
770 1696 896 1756 hominis
919 1698 1054 1756 exterriti
1076 1701 1153 1772 aunt,

134 1790 165 1844 et
184 1786 269 1843 velut
292 1786 446 1861 pulverem
469 1784 505 1843 de
528 1803 558 1844 se
574 1785 725 1856 emittunt,
748 1803 815 1844 cum
832 1785 869 1844 ad
884 1788 1013 1844 mortem
1028 1805 1058 1844 se
1072 1805 1153 1860 prae·

133 1877 249 1950 parant,
274 1874 524 1951 quemadmodum
555 1875 655 1952 pulvis
685 1874 876 1951 dispergitur,
910 1893 976 1933 cum
1005 1875 1153 1952 tangitur3

136 1966 166 2022 et
204 1963 261 2022 hoa
295 1965 414 2040 signum
435 1963 553 2021 ‘mortis
589 1965 641 2024 est.
688 1963 774 2034 Quod
806 1964 831 2022 si
862 1964 961 2022 eadem
984 1964 1072 2022 urina
1094 1983 1154 2023 non

7 2015 9 2062 f
131 2053 269 2128 pallescit
292 2055 323 2110 et
345 2053 424 2112 circa
446 2053 534 2110 linem
557 2070 633 2128 pura
656 2072 713 2111 non
737 2055 789 2128 est,
813 2055 843 2112 et
865 2053 890 2112 si
913 2053 1003 2112 etiam
1017 2053 1212 2128 superiusec'

132 2160 192 2201 non
216 2142 281 2217 erit,
305 2142 391 2202 velut
407 2141 522 2200 modico
542 2142 665 2216 pulvere
682 2159 800 2217 aspersa
815 2143 861 2217 sit,
884 2142 1007 2202 sednon
1022 2143 1154 2218 aequalis

131 2234 186 2291 est:
211 2231 293 2291 vivet
316 2233 345 2290 et
368 2231 556 2306 convalescet,
587 2228 849 2308 (quemadmodum
875 2231 1000 2308 grandes
1030 2235 1153 2306 tempes-

130 2324 207 2380 tates
235 2338 295 2378 non
322 2320 407 2391 fiunt,
436 2337 505 2379 cum
533 2321 670 2395 aequales
697 2320 789 2380 nubes
822 2321 852 2378 in
880 2321 959 2379 caelo
993 2321 1154 2395 aequaliter

131 2407 297 2488 apparent)
314 2409 456 2484 quoniam
479 2408 549 2468 tabo
573 2411 603 2467 et
624 2409 744 2485 sanguis
767 2412 797 2467 et
820 2409 909 2468 ceteri
931 2409 1078 2483 humores,
1101 2411 1154 2486 qui

7 2477 8 2553 Ῑ
130 2499 161 2557 in
189 2499 292 2557 eodem
314 2498 433 2557 homine
448 2499 525 2565 eunt,
549 2497 585 2555 ad
611 2501 738 2557 mortem
759 2498 890 2557 nondum
911 2498 947 2556 ab
970 2497 1096 2558 invicem
1111 2507 1193 2557 99-15

132 2591 284 2662 parantur.
330 2587 370 2646 st
401 2588 426 2646 si
456 2586 558 2645 eadem
587 2587 675 2654 urina
706 2587 893 2662 aliquantum
926 2586 1017 2645 rubea
1048 2590 1093 2646 est
1125 2591 1155 2647 et

133 2677 211 2735 circa
242 2677 331 2734 finem
364 2695 440 2752 pura
472 2694 505 2734 ao
537 2676 672 2751 superius
704 2676 733 2734 in
765 2676 863 2734 medio
886 2677 970 2735 velut
991 2676 1154 2752 pretiosum

132 2764 249 2835 vinnm,
271 2765 354 2845 quod
379 2765 464 2841 quasi
484 2764 634 2824 modicum
658 2764 811 2842 sagiminis
834 2765 970 2840 superius
994 2767 1095 2824 natare
1122 2766 1154 2824 in

132 2873 163 2912 se
187 2853 324 2928 ostendit,
347 2854 453 2930 procul
476 2853 566 2912 dubio
590 2853 678 2914 homo
701 2854 751 2912 1119
774 2855 906 2913 multum
929 2854 1011 2914 dolat
1033 2858 1062 2913 et
1076 2874 1154 2914 mor·

132 2947 194 3002 tem
205 2942 256 3002 vix
269 2941 380 3005 evadet.
407 2941 482 3000 Nam
498 2943 529 3001 in
545 2942 716 3002 infirmitate
732 2943 787 3001 hac
802 2942 894 3002 rubea
908 2943 997 3001 urina
1012 2944 1148 3014 ostendit,
1163 2954 1191 2999 30

132 3031 214 3108 quod
249 3032 358 3090 sanitas
391 3031 523 3091 eiusdem
556 3031 686 3091 hominis
719 3031 848 3091 finienda
882 3051 940 3091 non
975 3034 1032 3108 est,
1073 3032 1154 3108 quod

133 3121 234 3180 eadem
249 3120 361 3180 sanitas
376 3119 579 3179 infirmitatem
595 3121 725 3181 eiusdem
741 3120 868 3182 hominis
884 3121 981 3182 calore
993 3124 1154 3198 pertransit

132 3215 163 3270 et
196 3210 369 3270 incalescere
404 3209 520 3285 incipit;
553 3213 584 3268 et
612 3211 655 3268 ita
686 3211 773 3268 urina
802 3209 873 3269 haec
900 3209 993 3270 rubea
1015 3209 1152 3272 efficitur.

132 3299 190 3358 Sed
213 3298 295 3375 quod
318 3299 396 3358 circa
417 3297 507 3357 finem
529 3317 607 3374 pura
630 3301 681 3374 est,
704 3299 803 3358 tabem
825 3299 861 3357 ab
884 3299 1058 3359 humoribus
1082 3301 1111 3358 et
1136 3319 1153 3358 a

134 3390 277 3466 sanguine
293 3387 425 3464 separari
440 3387 631 3464 demonstrat,
647 3391 677 3447 et
692 3388 773 3464 quod
789 3389 926 3463 superins
942 3390 1026 3448 velut
1040 3389 1152 3448 bonum
1166 3399 1193 3444 aa

134 3481 238 3539 vinum
260 3477 292 3536 in
315 3477 413 3536 medio
437 3476 594 3536 inunctum
622 3481 673 3548 est,
708 3477 793 3554 quasi
823 3477 975 3536 modicum
1003 3477 1153 3552 sagiminis

136 3570 324 3643 supernatet,
356 3566 491 3627 dolorem
525 3566 628 3626 iecoris
660 3566 789 3640 indicat,
820 3564 900 3641 quod
933 3566 969 3624 de
1003 3559 1153 3640 superflua

992 3667 1045 3720 15*
1092 3681 1098 3694 ·
