2662 3932
362 143 504 201 CAUSAE
523 143 569 200 ΕΤ
588 145 711 202 GURAE
728 145 797 200 LIB.
814 145 851 203 11.
1050 151 1113 218 117
1228 99 1232 106 ¹

85 331 119 390 in
144 348 182 392 se
204 349 264 394 non
287 329 421 402 heberet3
444 333 475 389 et
496 330 522 388 si
545 330 666 407 sanguis
688 329 830 390 humidus
853 349 912 390 non
935 332 1022 406 esset,
1046 348 1114 394 oero

85 419 260 482 subsistere
282 438 342 480 non
363 422 472 495 posset,
495 419 547 480 sed
569 419 654 480 velut
676 423 756 480 terre
779 421 862 480 esset
951 495 953 502 γ

158 509 209 569 De
242 509 374 570 Mum
403 509 574 581 differem
601 509 636 568 ire
657 509 759 591 diem.
804 507 911 580 Homo,
951 509 1046 585 (qui)
1083 509 1115 568 in

83 598 187 660 nimio
210 598 323 676 frigore
344 597 458 673 hiemis,
482 615 550 658 oum
573 598 636 674 ipse
657 599 783 659 interius
804 597 935 674 frigidus
951 602 1004 668 est,
1027 597 1126 666 vnlde

84 688 208 748 eelidos
230 687 311 748 eibos
333 685 477 763 eomedit,
510 687 713 748 melancoliam
735 687 791 748 sibi
813 686 899 746 feeile
927 685 1052 746 ettrehit
1082 689 1144 747 ete
1244 719 1248 728 ·

85 797 158 836 eam
183 777 216 836 in
238 794 269 836 ee
291 777 407 836 excitet.
454 776 513 848 Qui
536 780 636 836 entem
657 777 744 837 valde
767 775 893 853 frigidos
916 776 997 836 eibos
1020 793 1115 838 eome-

85 865 146 939 dit,
171 884 243 928 oum
265 866 329 942 ipse
355 866 482 926 interius
509 865 640 944 frigidus
668 870 725 938 eet,
757 864 853 925 febres
879 864 948 924 inde
976 864 1114 940 aequirit.

86 953 152 1025 Qui
178 973 251 1015 vero
274 955 306 1014 in
327 954 440 1032 frigore
462 954 577 1030 hiemis,
600 973 670 1014 oum
691 956 754 1032 ipse
774 955 900 1015 interius
914 953 1046 1031 frigidus
1061 957 1114 1028 eet,

85 1046 276 1122 temperatos
290 1043 372 1104 oiboe
387 1043 523 1116 eomedit,
546 1044 577 1104 id
593 1047 638 1104 est
659 1063 713 1104 nee
731 1044 820 1104 nimie
834 1044 945 1104 oelidoe
960 1061 1013 1102 nee
1027 1042 1115 1102 nimie

85 1133 230 1211 frigidos,
264 1152 299 1192 ex
329 1133 372 1192 eis
403 1132 551 1193 modioem
584 1134 775 1194 refectionem
808 1133 1008 1210 consequitur,
1043 1132 1158 1208 quiere

87 1223 209 1284 bonnm
232 1222 406 1299 sanguinem
429 1223 457 1281 ei
478 1242 537 1284 non
560 1222 725 1284 conferunt.
770 1221 830 1293 Qui
853 1225 955 1282 entem
980 1222 1011 1280 in
1038 1224 1111 1281 tem·

85 1331 167 1387 pore
190 1311 312 1388 frigoris
335 1311 367 1370 in
390 1310 474 1372 valde
497 1311 593 1372 oelido
620 1312 684 1372 loeo
713 1316 893 1388 temperatos
916 1311 997 1371 eibos
1020 1328 1113 1370 eome-

87 1401 145 1477 dit,
181 1399 295 1461 seilicet
326 1400 379 1476 qui
408 1419 462 1460 neo
492 1401 580 1460 nimis
609 1400 697 1462 eelidi
720 1419 774 1460 nee
795 1402 884 1460 nimis
906 1400 1011 1477 frigidi
1035 1403 1113 1474 sunt,

86 1489 151 1549 eibi
175 1490 223 1550 illi
245 1509 314 1549 eum
341 1508 400 1550 non
430 1489 561 1562 laedunt,
591 1489 643 1550 sed
673 1493 772 1550 temen
805 1491 895 1566 oelor,
927 1509 1016 1566 quem
1047 1490 1111 1565 ipse

87 1582 168 1640 tuno
190 1578 289 1653 hebet,
312 1577 496 1639 debilitatem
518 1579 546 1639 ei
569 1580 669 1641 infert.
992 1569 996 1582 ’
1131 1593 1159 1638 15

161 1669 211 1729 Do
242 1668 370 1742 friyoris
402 1673 640 1742 temperamento.
697 1667 810 1743 Homo,
850 1669 903 1745 qni
937 1669 969 1726 in
1003 1668 1117 1744 frigore

87 1758 201 1818 hiemis
224 1757 376 1817 eomedere
405 1758 482 1832 vult,
514 1757 614 1818 looum
646 1758 703 1818 eibi
735 1758 839 1833 feoint,
872 1758 926 1833 qui
954 1776 1008 1816 neo
1027 1757 1117 1815 nimis

89 1847 210 1908 calidus
232 1864 286 1906 noo
309 1846 397 1906 nimie
420 1846 550 1924 frigidus
574 1848 626 1919 sit,
659 1847 710 1907 red
741 1850 934 1922 temperatae,
967 1850 997 1904 et
1027 1845 1116 1906 etiem

90 1956 148 1996 neo
171 1935 260 1996 nimie
282 1935 393 1996 eolides
420 1954 473 1995 neo
500 1935 589 1996 nimie
620 1935 746 2013 frigidos
776 1936 857 1995 eibos
889 1934 1036 1999 comedet.
1065 1934 1116 1992 sed

90 2028 286 2101 temperatos,
309 2025 406 2083 etita
427 2024 585 2085 eenitetem
607 2025 639 2086 in
662 2024 736 2084 cibis
757 2024 905 2084 retinebit
951 2023 991 2084 llt
1018 2026 1117 2084 temen
1129 2035 1161 2082 ro

92 2113 235 2191 quemvis
257 2113 384 2179 colorem
410 2114 442 2174 in
470 2115 602 2176 vestibus
628 2113 686 2174 sibi
712 2114 815 2186 faeiat,
845 2114 878 2174 in
904 2113 1015 2191 frigido
1042 2112 1116 2184 loce,

90 2203 216 2269 interim
239 2202 311 2262 dum
334 2203 471 2280 eomedit,
493 2221 553 2264 non
576 2203 683 2275 sedeat,
707 2203 827 2280 quiesi
850 2202 997 2279 frigidum
1019 2219 1116 2262 nerem

91 2291 274 2354 comedendo
297 2291 328 2350 in
350 2309 382 2352 se
405 2291 511 2367 trehit,
534 2292 586 2352 ille
608 2310 678 2352 eum
700 2293 853 2352 infirmum
874 2291 984 2354 reddit.
1029 2290 1119 2351 (lelor

92 2386 196 2442 eutem
212 2380 249 2440 de
263 2380 367 2457 prunis
387 2381 424 2442 ed
447 2380 568 2442 dorsum
591 2380 719 2442 hominis
741 2380 909 2457 recendens,
932 2381 1006 2441 dnm
1020 2398 1116 2440 eome-

91 2471 148 2543 dit,
172 2489 242 2530 enm
263 2469 407 2530 seniorem
429 2469 534 2541 reddit,
559 2489 650 2546 quem
672 2471 698 2530 si
721 2471 801 2530 oelor
815 2470 896 2548 ignis
910 2471 939 2530 ei
959 2471 991 2528 in
1006 2469 1111 2529 faeiem
1126 2481 1153 2526 ro

92 2558 222 2622 eeoedet.

163 2649 211 2708 De
241 2649 557 2722 retenimento
588 2653 615 2708 et
637 2649 769 2708 σῶονωκ
791 2648 972 2710 diversitate.
1017 2646 1116 2706 Homo

93 2741 206 2812 enum,
220 2737 275 2813 qui
289 2737 321 2796 in
337 2740 457 2813 aestate,
478 2755 548 2797 enm
567 2737 694 2798 interius
714 2738 801 2798 velde
816 2737 931 2797 oelidns
954 2741 1007 2808 eet,
1029 2735 1117 2796 vnlde

94 2826 208 2890 onlidos
231 2826 313 2886 oiboe
336 2825 471 2900 eomedit,
495 2829 614 2903 guttam
637 2827 669 2887 in
691 2845 722 2887 se
745 2827 832 2888 feoile
847 2825 973 2899 excitet3
996 2827 1116 2896 sivero,

94 2936 165 2977 eum
187 2915 218 2976 in
250 2919 361 2976 aestate
391 2915 478 2976 valde
506 2915 620 2976 oelidns
642 2917 770 2978 interius
793 2919 852 2988 eet,
881 2915 968 2977 valde
990 2914 1117 2992 frigidos
1131 2925 1159 2971 oo

99 3005 182 3068 eibos
204 3003 341 3078 eomedit,
365 3005 472 3081 flegma
494 3004 525 3064 in
547 3022 578 3064 oe
600 3009 694 3081 peret.
739 3005 780 3065 Et
802 3004 868 3065 ideo
890 3004 980 3065 homo
1002 3005 1032 3064 in
1053 3021 1116 3064 eer-

99 3097 163 3154 tete
185 3096 365 3170 temperatos
396 3093 427 3152 in
450 3094 546 3154 delore
568 3098 600 3153 et
621 3095 653 3154 in
674 3094 787 3172 frigore
809 3094 890 3154 eibos
912 3096 1019 3164 sumat,
1042 3092 1119 3156 ethi

102 3184 216 3244 bonum
239 3182 414 3260 sangninem
435 3186 466 3242 et
488 3202 589 3242 senem
612 3202 729 3244 onmem
751 3184 778 3243 ei
808 3183 972 3244 eonferunt
1017 3182 1057 3242 dt
1087 3182 1118 3242 in

105 3275 217 3334 mente
239 3291 309 3334 enm
330 3271 420 3332 homo
443 3272 569 3332 interino
592 3273 678 3332 volde
700 3272 814 3334 oelidus
836 3275 889 3344 eet,
913 3273 939 3331 si
953 3275 1026 3332 tune
1040 3271 1117 3330 mul·

104 3365 170 3422 tum
203 3360 340 3433 eomedit,
374 3361 411 3421 de
444 3359 541 3420 multe
557 3359 753 3422 'comestione
783 3361 905 3438 sanguis
937 3361 1001 3420 eine
1029 3371 1160 3437 supreee

102 3451 227 3514 modum
249 3449 399 3512 inoeleeoit
420 3453 451 3510 et
473 3449 613 3510 humores
636 3451 667 3510 in
687 3451 799 3512 melum
814 3449 936 3510 modom
950 3452 1119 3524 vertuntur,

102 3543 192 3618 etque
216 3557 318 3600 oernes
340 3538 472 3616 eorporis
496 3539 559 3599 eine
587 3539 730 3600 inflentur
758 3543 787 3600 et
817 3539 927 3600 iniuste
956 3539 1119 3613 eleventur,
