2680 3938
381 183 527 242 clusas
546 185 592 241 ΕΤ
610 183 733 240 GURAE
750 185 818 240 LIB.
837 185 871 240 11.
1094 193 1134 252 39
1227 141 1229 146 Ι

102 373 226 448 flegma
248 369 384 446 tepidum
406 372 458 440 est,
481 388 540 429 non
555 369 697 446 deprimit
718 370 780 430 vim
795 370 993 447 melancoliae,
1017 373 1053 430 ut
1076 371 1136 430 alia

105 461 178 521 duo
201 459 353 536 praedicte
375 460 524 536 flegmata3
548 477 676 535 quorum
700 459 828 518 alterum
849 460 882 518 in
904 460 1082 520 humiditate
1106 465 1136 521 et

106 551 245 609 alterum
269 549 300 606 in
324 547 515 624 spissitudine
538 552 569 608 et
591 548 789 608 amaritudine
812 552 994 609 scatentem
1010 550 1135 610 fortitu·

104 639 214 699 dinem
237 639 355 712 babent,
380 637 461 713 quod
475 637 546 696 huic
568 637 757 697 melancoliae
780 638 823 696 ito
844 639 994 715 resistunt,
1016 640 1053 698 ut
1075 639 1135 698 cel-

105 729 219 788 darius
240 745 331 803 super
352 727 453 803 ignem
480 726 607 802 pendens
633 727 732 804 ignem
756 726 903 803 deprimit,
926 745 963 787 ne
985 732 1163 806 exsurgets

104 817 257 877 Homines
285 834 356 875 vero
384 815 474 875 huius
502 817 711 892 complexionis
739 816 909 892 frequenter
937 817 968 875 in
998 817 1042 876 ira
1065 822 1136 878 sunt

105 910 142 966 et
181 907 320 965 timorem
354 904 385 964 in
419 905 516 964 multa
544 905 676 965 utilitate
706 905 744 964 ad
772 906 860 964 deum
888 907 918 965 et
940 905 979 964 ed
1001 905 1134 966 homines

104 995 231 1056 habent
278 995 318 1054 Et
341 994 462 1070 quidam
485 1013 520 1053 ex
543 994 585 1053 eis
608 995 828 1071 aliquantulum
851 994 905 1054 diu
927 995 1041 1070 vivunt,
1065 1014 1134 1072 quo·

104 1086 192 1144 niam
222 1084 268 1144 vis
301 1083 447 1158 praedicti
479 1083 625 1160 flegmatis
657 1102 757 1144 eorum
788 1083 858 1143 telis
887 1087 943 1159 est,
973 1085 1055 1160 quod
1081 1102 1135 1144 nec

109 1173 236 1234 omnino
260 1172 368 1232 occidit
390 1191 444 1232 nec
466 1172 585 1232 omnino
600 1173 733 1233 vivificat
747 1172 904 1249 hominem,
927 1176 964 1232 ut
985 1174 1017 1232 in
1032 1173 1133 1250 aliquo
1149 1184 1178 1230 rc

111 1264 297 1322 incarcerato
329 1263 448 1321 homine
479 1261 595 1321 evenire
625 1261 709 1338 solet,
741 1262 796 1338 qui
827 1281 880 1322 nec
908 1262 1053 1323 occiditur
1080 1281 1133 1322 nec

108 1352 195 1411 abire
217 1351 414 1427 permittitur.
458 1349 507 1411 Sic
529 1350 627 1426 homo,
649 1353 685 1410 ut
708 1351 894 1426 praedictum
917 1356 974 1424 est,
1003 1372 1038 1411 ex
1060 1371 1133 1428 qua-

108 1445 185 1500 tuor
207 1439 382 1499 humoribus
405 1440 495 1517 viget,
522 1443 559 1500 ut
582 1441 671 1500 etiem
700 1440 828 1500 mundus
856 1460 891 1500 ex
917 1443 1048 1517 quatuor
1075 1442 1132 1501 ele·

109 1529 221 1589 mentis
243 1531 366 1591 constet.

182 1620 229 1678 De
261 1619 468 1678 mentorum
502 1619 717 1678 commistione.
770 1616 845 1676 Nam
880 1619 953 1678 deus
987 1620 1173 1679 mundum1s

111 1712 244 1784 quatuor
274 1708 425 1768 elementis
460 1707 629 1784 colligavit,
667 1708 712 1766 ite
746 1708 826 1783 quod
860 1708 978 1767 nullum
1006 1707 1042 1766 ab
1072 1709 1130 1767 alio

110 1797 243 1873 separari
266 1799 379 1871 potest,
410 1797 552 1874 quoniam
582 1796 711 1856 mundus
738 1795 898 1856 subsistere
930 1797 1074 1872 nequiret,
1106 1797 1131 1856 si

111 1887 196 1946 aliud
230 1886 266 1944 eb
299 1885 358 1945 alio
388 1886 518 1963 seperari
547 1886 668 1945 valeret.
713 1883 771 1944 Sed
801 1885 1047 1945 indissolubiliter
1074 1885 1132 1944 sibi

113 1977 303 2036 concatenata
331 1978 410 2040 sunt.
459 1975 541 2052 Ignis
571 1976 649 2033 enim
683 1975 805 2051 superat
836 1993 869 2034 ac
898 1975 1000 2034 domat
1027 1978 1056 2034 et
1086 1976 1130 2033 in·

111 2064 211 2124 candit
240 2083 336 2122 aerem
364 2068 394 2124 et
416 2065 524 2124 fortior
553 2064 606 2124 illo
630 2067 689 2138 est,
718 2083 768 2122 aer
794 2081 865 2124 vero
889 2063 1049 2138 proximus·
1065 2064 1130 2140 igni
1147 2075 1175 2120 20

111 2155 148 2213 ut
170 2153 246 2213 fullo
274 2153 347 2212 fecit
378 2173 448 2213 eum
478 2154 604 2230 flagrare
636 2156 667 2212 et
697 2156 843 2229 temperat
869 2172 955 2225 eum,
991 2153 1130 2229 quonism

111 2243 190 2321 ignis
221 2243 307 2319 quasi
338 2259 447 2319 corpus
475 2243 550 2301 aeris
565 2245 623 2304 ,est
651 2245 740 2318 atque
769 2261 818 2302 aer
846 2243 930 2318 quasi
962 2242 1073 2302 viscera
1102 2245 1133 2302 et

113 2333 197 2392 velut
219 2332 282 2390 alae
305 2333 335 2390 et
356 2350 469 2408 pennae
491 2331 578 2408 ignis.
623 2331 664 2390 Et
685 2333 721 2390 ut
743 2349 850 2407 corpus
873 2349 932 2390 non
955 2334 999 2391 est
1021 2331 1132 2408 absque

114 2421 282 2493 visceribus,
306 2421 348 2480 sic
370 2439 423 2480 nec
446 2421 523 2496 ignis
546 2421 609 2479 sine
632 2439 711 2497 aere,
735 2421 876 2496 quoniam
899 2439 949 2479 aer
971 2421 1131 2480 commotio

36 2555 42 2564 .
114 2510 191 2587 ignis
225 2512 282 2584 est3
317 2510 388 2586 quia
421 2509 500 2587 ignis
532 2528 592 2569 non
626 2510 744 2568 arderet
774 2528 826 2569 nec
857 2509 1070 2580 incenderetur,
1106 2509 1131 2568 si
1145 2521 1173 2566 25

116 2618 210 2658 aerem
244 2617 303 2658 non
337 2598 467 2660 haberet.
516 2597 598 2675 Ignis
633 2617 752 2675 quoque
786 2600 831 2658 est
866 2599 954 2658 ardor
988 2601 1018 2657 et
1053 2598 1133 2658 calor

117 2707 208 2765 aquae
231 2691 261 2748 et
283 2687 357 2748 fecit
379 2707 443 2747 eam
466 2688 565 2760 fluere,
589 2687 729 2764 quoniam
751 2706 829 2763 aqua
851 2706 908 2747 non
924 2687 1000 2746 esset
1014 2687 1132 2762 liquida

116 2796 167 2838 nec
193 2777 312 2852 flueret,
348 2777 400 2836 sed
427 2777 534 2836 fortior
561 2778 592 2836 et
614 2776 848 2836 indissolubilior
877 2776 956 2836 ferro
987 2779 1017 2836 et
1040 2776 1133 2836 celibe

118 2868 200 2942 foret,
233 2866 260 2926 si
291 2867 417 2926 calorem
445 2866 524 2943 ignis
553 2865 586 2924 in
613 2884 643 2925 se
670 2867 812 2925 letentem
838 2884 899 2925 non
926 2865 1061 2938 baberet;
1096 2869 1133 2925 ut

118 2956 203 3015 etiem
225 2956 257 3013 in
280 2955 374 3033 glacie
402 2955 501 3014 notari
527 2956 632 3030 potest
679 2954 736 3014 Sed
763 2974 841 3031 aqua
863 2957 908 3014 est
933 2955 1030 3032 frigus
1053 2955 1131 3032 ignis
1145 2963 1174 3010 30

119 3049 148 3104 et
168 3045 277 3104 fortior
297 3045 376 3122 igne,
399 3063 467 3104 cum
490 3044 591 3122 ignem
606 3044 764 3122 extinguit.
810 3043 899 3120 Aqua
922 3045 1000 3103 enim
1023 3044 1134 3120 frigide

120 3135 180 3192 eret
202 3137 232 3193 et
253 3152 314 3193 non
335 3133 448 3193 fluebat
470 3134 501 3192 in
527 3133 613 3193 initio
638 3136 850 3209 creaturarum,
878 3152 946 3192 cum
959 3137 1048 3192 ‘terra
1070 3136 1134 3192 erat

120 3222 210 3282 inanis
232 3224 262 3282 et
284 3241 387 3294 vacua,
412 3222 463 3282 sed
485 3222 607 3298 spiritus
632 3223 743 3283 domini
763 3222 915 3282 ferebatur
935 3241 1025 3298 super
1040 3240 1133 3298 aquas

122 3315 149 3370 et
169 3293 215 3371 eis
238 3313 381 3388 calefecit,
403 3315 441 3370 ut
463 3313 562 3390 ignem
584 3312 616 3370 in
637 3330 669 3370 se
684 3311 827 3371 haberent
849 3315 879 3371 et
901 3315 938 3371 ut
956 3310 1133 3388 liquefactae

123 3400 252 3464 fluerent.
295 3401 335 3460 nt
362 3400 442 3460 idem
469 3400 566 3478 frigus
589 3420 683 3477 aquae
711 3401 887 3460 naturaliter
910 3420 945 3460 ex
968 3419 998 3460 se
1022 3401 1134 3460 emittit
1147 3408 1176 3454 as

123 3489 214 3566 ignem
245 3493 276 3550 et
305 3489 374 3550 inde
401 3491 505 3551 fervet.
550 3487 625 3548 Nam
653 3509 730 3566 eque
751 3490 841 3548 babet
867 3489 951 3549 inse
977 3491 1077 3566 ignem
1105 3491 1135 3548 et

124 3577 194 3656 ignis
220 3579 251 3638 in
278 3597 309 3639 se
337 3579 516 3640 naturaliter
543 3578 640 3656 frigus
668 3597 771 3654 aquae,
800 3579 940 3655 quoniam
969 3596 1048 3653 aqua
1074 3596 1134 3637 non
