2680 3938
196 163 237 222 48
583 152 827 208 uuunsnauls

195 345 226 401 et
249 340 343 417 magis
372 358 402 399 se
429 338 552 399 invicem
580 338 613 396 in
635 337 844 398 contrarietate
867 338 1008 398 amabant
1030 339 1061 397 91
1083 337 1141 397 sibi
1166 356 1244 414 oo-‚

194 428 362 491 haerebant
406 427 464 487 Sed
486 431 586 487 tamen
607 427 706 487 Adam
728 428 873 503 quosdam
895 426 972 487 filios
994 433 1220 504 procreaverat,

195 519 248 595 qni
270 517 370 578 divina
392 518 508 577 ratione
530 517 573 577 ita
595 517 703 593 repleti
731 519 828 588 erant,
860 515 941 593 quod
972 535 1003 576 se
1030 517 1068 576 ad
1097 517 1219 576 nullam

193 606 412 683 turpitudinem
435 606 622 666 commiscere
644 605 797 681 volebant,
821 605 872 664 sed
895 606 977 682 quod
999 606 1031 664 in
1054 606 1217 666 sanctitate

166 699 408 774 spermanereut.
453 694 540 755 Unde
563 700 594 756 91
615 695 671 754 filii
694 695 742 754 dei
765 694 950 755 dicebantur.

264 787 361 859 Quare
388 786 448 858 [1111
478 786 534 845 dei.
580 785 620 843 ut
648 784 680 842 hi
711 784 893 859 aspiciebant
924 786 955 843 et
985 783 1214 861 investigabant,

195 875 248 934 nbi
277 874 412 935 homines
441 874 488 933 1111
519 877 632 950 999991,
661 873 714 949 qui
744 892 775 932 se
804 872 960 948 pecoribus
987 891 1048 932 non
1075 875 1214 934 commis·

195 965 324 1024 cuissent
339 968 369 1024 91
392 965 445 1041 qui
467 982 535 1023 oum
558 960 714 1038 pecoribus
738 962 876 1021 destituti
899 979 958 1021 non
981 965 1083 1038 essent,
1109 983 1216 1039 qnam-

194 1055 239 1113 vis
262 1053 317 1112 filii
339 1052 612 1129 praevaricatorum
634 1054 737 1124 essent,
759 1051 837 1111 91991
860 1051 997 1126 superius
1020 1051 1135 1112 dictum
1159 1056 1218 1115 est.

154 1154 181 1199 10
194 1141 280 1202 Unde
302 1146 333 1202 ct
347 1142 402 1201 filii
415 1141 569 1201 hominum
586 1140 767 1217 dicebantur,
791 1140 862 1217 quia
876 1141 975 1199 tamen
990 1159 1044 1200 neo
1058 1141 1091 1199 in
1105 1141 1216 1202 formis

193 1232 255 1291 suis
286 1250 339 1291 nec
370 1249 438 1290 cum
466 1229 622 1307 pecoribus
651 1229 789 1290 destituti
811 1231 903 1289 erant.
948 1229 988 1288 Et
1022 1230 1058 1289 de
1091 1230 1216 1291 filiabus

193 1321 320 1380 istorum
342 1338 448 1379 uxores
471 1319 620 1378 duxerunt
642 1322 673 1379 et
695 1338 730 1378 ex
753 1319 793 1378 eis
815 1318 892 1378 filios
908 1322 1150 1395 procreaverunt,
1175 1324 1216 1380 ut

194 1409 339 1484 scriptum
374 1411 430 1468 est:
468 1408 632 1468 videntes
669 1407 745 1467 filii
781 1407 840 1467 dei
876 1407 978 1468 filias
1012 1408 1215 1486 hominum,

196 1497 293 1574 quod
326 1501 448 1557 essent
477 1497 659 1573 pulchrae.
709 1496 766 1556 Sed
799 1499 829 1556 et
857 1497 1003 1573 quaedam
1034 1497 1145 1557 bestiae
1181 1502 1214 1558 at

155 1601 180 1644 15
193 1605 300 1662 pecora
322 1587 418 1646 adhuc
445 1590 527 1659 sunt,
560 1606 635 1663 quae
661 1586 718 1646 hoc
745 1585 845 1658 modo,
875 1589 911 1645 ut
942 1587 1128 1662 praedictum
1156 1591 1215 1664 est,

193 1675 358 1750 plurimum
388 1676 445 1736 sibi
475 1676 511 1736 de
539 1675 670 1736 humana
699 1677 809 1734 natura
837 1674 874 1733 ab
900 1674 1073 1735 hominibus
1096 1679 1213 1735 contra-

193 1768 310 1826 xerunt
355 1766 439 1825 Tunc
470 1767 581 1825 clamor
611 1765 702 1824 huius
733 1764 901 1841 iniquitatis
932 1768 1000 1824 ante
1031 1765 1134 1825 oculos
1165 1766 1214 1826 dei

194 1855 336 1928 ascendit,
369 1856 510 1932 qnoniam
535 1855 635 1932 imago
668 1853 715 1912 dei
744 1857 898 1913 contracta
928 1860 959 1912 91
986 1855 1057 1914 elisa
1086 1856 1150 1914 erat
1180 1856 1211 1914 et

193 1943 377 2004 rationalitas
408 1945 529 2004 confusa
559 1944 589 2003 in
623 1943 824 2003 fornicatione.
873 1941 959 2002 Unde
991 1943 1116 2019 spiritus
1152 1943 1208 2016 dei,

153 2034 249 2110 acqui
278 2034 310 2092 in
340 2034 488 2093 creatione
522 2033 627 2092 mnndi
660 2033 825 2108 ferebatur,
860 2051 950 2108 super
985 2051 1078 2109 aquas
1112 2033 1211 2094 emisit

193 2141 293 2198 aquas,
317 2125 347 2181 et
369 2123 538 2181 membrana
560 2141 715 2198 aquarum,
742 2141 797 2198 per
819 2140 910 2198 quam
932 2141 1027 2198 aquae
1049 2123 1135 2198 prius
1158 2123 1210 2182 ali·

194 2211 376 2286 quantulum
397 2211 634 2287 retardabantur,
656 2231 693 2270 ne
716 2213 799 2271 tanta
821 2211 978 2271 velocitate
1004 2210 1143 2282 fluerent,
1175 2215 1212 2272 ut

193 2299 280 2358 modo
303 2300 410 2375 fluunt,
433 2300 555 2376 dirupta
577 2302 629 2376 est,
653 2303 683 2360 et
705 2320 784 2377 aqua
804 2300 834 2358 in
850 2319 941 2360 cursu
956 2317 1011 2358 suo
1027 2301 1114 2360 velox
1129 2301 1212 2360 facta
1313 2295 1316 2305 λ

194 2393 238 2447 est
260 2391 290 2448 et
312 2387 445 2449 homines
466 2388 633 2451 submersit.
663 2389 746 2449 'ltine
762 2409 840 2465 aqua
854 2392 964 2448 terram
980 2389 1023 2448 119
1037 2390 1211 2462 transfudit,

153 2489 181 2535 25
196 2478 276 2555 qnod
299 2478 383 2539 velut
398 2477 569 2554 ferruginea
584 2479 663 2538 19919
678 2481 724 2538 991
738 2481 768 2537 91
783 2477 868 2537 firma
883 2480 914 2537 et
928 2477 1009 2555 quod
1024 2478 1056 2536 in
1072 2478 1211 2538 omnibus

193 2567 342 2627 fructibus
369 2586 480 2629 novum
511 2586 633 2627 succum
662 2572 694 2627 ct
720 2568 875 2627 fortiorem
904 2587 994 2644 qnam
1022 2567 1106 2643 prius
1130 2568 1213 2629 dedit

194 2658 224 2714 et
247 2657 328 2733 quod
350 2657 457 2718 vinum
479 2657 589 2729 emisit,
614 2656 695 2734 quod
719 2660 805 2716 antea
828 2675 887 2716 non
910 2657 1058 2733 apparuit.
1102 2656 1160 2716 Sed
1183 2660 1213 2716 et

193 2744 319 2821 lapides,
354 2746 406 2822 qui
437 2765 506 2805 cum
537 2749 616 2804 terra
648 2746 739 2804 creati
770 2749 841 2805 sunt
868 2747 898 2804 91
925 2745 979 2823 qui
1005 2748 1086 2805 terra
1114 2747 1213 2821 operti

194 2839 285 2905 erant,
308 2853 363 2911 per
386 2854 494 2911 aquam
517 2835 667 2894 manifesti
687 2837 758 2894 sunt
773 2839 803 2894 91
817 2836 1028 2911 apparuerunt,
1043 2838 1074 2894 et
1088 2835 1212 2911 qnidam

49 2936 52 2944 ·
153 2933 181 2978 30
196 2940 299 2982 eorum
323 2923 407 2983 scissi
430 2928 509 2999 sunt,
534 2924 587 3000 qui
609 2925 694 2999 prius
715 2924 825 3001 integri
848 2924 979 2986 fuerunt.

261 3013 308 3072 Dc
331 3012 468 3086 tapidum
489 3013 663 3087 piputtc'oue.
696 3012 822 3089 Lapides
845 3015 946 3072 autem
972 3031 1026 3073 neo
1050 3015 1135 3072 antea
1157 3031 1212 3072 nec
1331 3015 1332 3026 ¹

193 3102 296 3175 postea
319 3104 477 3160 creverunt
500 3102 629 3177 exceptis
652 3102 726 3177 illis,
758 3102 811 3178 qui
833 3102 865 3160 in
892 3101 1066 3162 fluminibus
1092 3102 1212 3178 limpidi

194 3192 224 3248 et
246 3189 362 3267 globosi
392 3193 550 3266 apparent,
583 3191 634 3250 sed
660 3194 780 3251 tantum
808 3209 877 3250 oum
904 3194 985 3250 terra
1007 3192 1099 3252 creati
1122 3191 1211 3251 modo

192 3297 246 3354 per
270 3279 420 3339 diluvium
442 3280 566 3340 revelati
589 3283 669 3340 sunt.

151 3378 180 3425 35
260 3369 306 3428 De
328 3370 379 3432 aa.
410 3369 494 3428 Tunc
517 3369 589 3428 deus
612 3370 715 3446 posuit
738 3387 840 3428 arcum
862 3388 951 3429 suum
974 3370 1005 3428 in
1027 3369 1212 3430 firmamento

195 3457 268 3516 caeli
291 3458 329 3518 ad
352 3459 553 3518 roborandum
571 3459 793 3518 firmamentum
809 3461 839 3518 et
854 3459 892 3517 ad
906 3458 1102 3518 resistendum
1118 3458 1213 3535 aquis.
1326 3472 1329 3501 ²

193 3546 232 3605 Et
255 3546 335 3606 idem
359 3566 444 3608 arcus
467 3552 512 3608 est
539 3548 644 3626 igneus
673 3552 704 3608 et
731 3548 843 3608 colores
866 3566 1013 3623 aquarum
1035 3546 1134 3623 habet,
1158 3548 1211 3622 qui
