2680 3938
219 135 259 196 18
604 128 850 186 enprorsus

217 317 267 375 ille
290 318 353 375 tem
375 316 493 391 stulius,
518 316 624 391 quiin
646 315 739 374 nimio
763 315 860 374 calore
883 314 1003 374 aestatis
1024 315 1123 374 autin
1139 315 1250 376 nimio

217 405 329 480 frigore
358 404 462 464 hiemis
494 423 591 464 semen
623 423 710 464 suum
739 406 915 464 seminaret?
952 404 992 464 Et
1017 404 1095 463 illud
1121 405 1250 480 periret
1312 411 1313 478 ζ

218 497 248 553 91
269 512 329 552 non
351 496 495 570 surgeret.
1312 563 1313 570 ἵ

283 585 331 643 De
353 587 480 657 tempore
505 585 659 658 piparodi.
705 583 753 642 Ita
784 582 953 643 hominibus
983 583 1043 642 illis
1078 583 1246 662 contingit,
1312 577 1313 588 ³

189 671 270 748 oqui
291 691 345 732 nec
367 678 520 734 maturum
549 675 667 748 tempus
695 673 801 732 aetatis
829 691 898 732 suae
925 690 980 731 neo
1003 675 1121 748 tempus
1143 673 1246 733 lunae

217 761 410 837 considerant,
434 763 486 822 sed
508 780 689 838 unoquoque
704 762 1022 838 tempore'seoundum
1046 762 1245 822 voluntatem

216 869 299 910 suam
333 852 455 929 gignere
486 851 602 914 volunt.
646 850 686 909 Et
714 851 779 910 ideo
812 851 875 910 nati
907 869 1010 910 eorum
1039 851 1071 909 in
1093 844 1242 927 pluribus

217 940 369 1001 doloribus
392 939 587 1016 corporaliter
609 939 758 1002 deficiunt.
802 940 859 1000 Sed
881 941 989 1016 tamen,
1020 941 1240 1015 quamvisoun-

216 1049 274 1106 que
298 1029 463 1090 deficientes
490 1029 549 1088 sint
576 1029 607 1088 in
630 1047 760 1106 corpore,
793 1028 864 1089 deus
887 1047 1017 1106 gemmas
1047 1048 1115 1089 suas
1143 1030 1180 1088 ad
1203 1049 1242 1090 se

176 1129 203 1174 10
216 1119 340 1196 colligit.
385 1118 425 1178 Et
455 1118 521 1178 ideo
555 1119 604 1178 vir
634 1121 788 1178 maturum
816 1123 932 1195 tempus
960 1119 1093 1195 corporis
1116 1120 1164 1177 sui
1186 1119 1237 1178 in-

215 1209 325 1285 spicere
360 1207 447 1267 debet
482 1211 511 1268 91
543 1211 624 1267 recte
653 1209 789 1284 tempora
824 1209 912 1267 lunae
945 1227 1013 1268 oum
1043 1209 1100 1267 tali
1130 1209 1236 1267 studio

216 1315 365 1373 quaerere,
394 1304 431 1356 ut
452 1297 511 1374 ille,
535 1297 588 1372 qui
611 1298 758 1358 orationes
782 1315 850 1356 suas
872 1316 963 1373 puras
987 1297 1085 1370 offert3
1118 1297 1239 1358 scilicet

214 1389 250 1444 ut
273 1404 307 1445 eo
329 1388 462 1461 tempore
482 1387 596 1463 prolem
619 1387 731 1464 gignat,
754 1386 836 1462 quod
855 1387 918 1444 neti
941 1387 1004 1446 eius
1026 1405 1086 1446 non
1108 1391 1237 1462 pereant

216 1474 385 1536 deficiendo.
430 1474 490 1535 Nec
519 1476 572 1534 fiat
598 1479 635 1535 ut
656 1476 745 1536 homo
768 1476 832 1551 ille,
864 1476 916 1551 qni
940 1476 1041 1535 cibum
1063 1476 1094 1534 in
1117 1495 1148 1535 se
1170 1477 1236 1535 tor·

175 1574 201 1618 15
216 1566 297 1640 quet,
330 1568 366 1624 ut
396 1583 499 1640 voror,
537 1566 589 1642 qui
616 1567 731 1625 rectum
762 1569 879 1642 tempus
920 1565 978 1624 cibi
1008 1583 1068 1624 non
1100 1566 1233 1640 quaerit3

215 1653 265 1712 sed
287 1671 349 1713 esse
372 1654 458 1714 debet
480 1657 516 1714 ut
542 1655 605 1730 ille,
637 1655 690 1730 qui
719 1657 835 1713 rectum
862 1658 979 1730 tempus
1002 1654 1100 1727 babet,
1132 1673 1168 1713 ne
1192 1654 1235 1713 sit

214 1745 249 1802 ut
281 1762 379 1804 vorax.
434 1742 482 1804 sic
519 1745 610 1804 bomo
649 1762 709 1803 esse
748 1743 836 1803 debet
872 1745 901 1802 91
940 1761 1083 1819 quaerere
1116 1746 1234 1802 reotum

213 1835 331 1908 tempus
355 1833 509 1911 geniturae
532 1852 612 1896 suae.
642 1832 698 1890 Vir
713 1833 750 1892 ad
766 1832 906 1892 feminam
928 1852 988 1892 non
1012 1832 1138 1907 accedet,
1162 1852 1231 1893 cum
1312 1833 1313 1886 3

214 1923 267 1981 illa
289 1923 390 1999 puella
412 1925 463 1995 est,
496 1923 547 1982 sed
565 1923 731 1997 iuvencule,
760 1923 842 1999 quod
864 1926 937 1981 tunc
959 1925 1079 1981 matura
1101 1925 1153 1996 est,
1177 1940 1233 1980 neo

174 2012 276 2088 seipse
305 2012 445 2070 feminam
472 2013 577 2089 tangat
603 2013 671 2070 ante
701 2011 830 2087 barbam,
859 2012 909 2071 sed
937 2030 1007 2072 cum
1036 2010 1156 2072 barbam
1180 2011 1232 2069 119-

215 2100 322 2173 buerit,
348 2101 487 2176 quoniam
503 2103 576 2160 tunc
599 2103 735 2161 maturus
760 2103 805 2160 est
827 2101 864 2160 ad
887 2101 1104 2161 fecunditatem
1127 2101 1232 2176 prolia.

215 2188 313 2248 Homo
337 2207 483 2265 namque,
516 2190 568 2265 qui
596 2190 628 2248 in
650 2191 814 2250 voracitate
846 2194 876 2250 et
903 2191 935 2249 in
962 2189 1085 2266 crapula
1113 2192 1169 2261 est,
1200 2190 1233 2248 in

215 2278 355 2338 membris
377 2279 438 2337 suis
461 2297 548 2355 saepe
575 2279 710 2356 leprosus
738 2283 768 2339 et
796 2281 950 2339 tortuosus
979 2279 1026 2352 fit3
1056 2279 1109 2354 qui
1132 2282 1235 2339 autem
1312 2323 1313 2332 2

214 2367 246 2426 in
270 2366 334 2427 cibo
358 2369 388 2426 91
410 2371 486 2444 potu
510 2369 660 2428 continens
676 2371 727 2444 est,
751 2368 862 2427 bonum
885 2368 1058 2445 sanguinem
1082 2370 1113 2428 et
1128 2386 1235 2427 sanum

173 2466 201 2512 25
216 2475 322 2534 corpus
345 2456 475 2521 babebit.
520 2456 569 2517 Sic
592 2459 682 2517 etiam
705 2461 735 2517 91
758 2458 817 2533 ille,
841 2458 893 2534 qui
916 2475 1031 2534 semper
1054 2457 1086 2515 in
1108 2456 1234 2516 libidine

215 2549 246 2606 et
267 2547 298 2604 in
321 2547 526 2623 superfluitate
542 2547 674 2623 eorporis
697 2545 746 2606 sui
761 2546 834 2606 facit
850 2546 996 2606 desideria
1011 2565 1073 2619 sua,
1096 2550 1141 2623 ut,
1164 2564 1234 2605 oum

214 2638 374 2712 tempestas
398 2637 552 2713 geniturae
575 2655 645 2696 suae
667 2636 699 2695 in
722 2655 756 2696 eo
780 2636 890 2713 surgit,
920 2655 1018 2695 semen
1041 2654 1129 2696 suum
1151 2636 1232 2710 proi-

215 2725 316 2784 ciendo
351 2725 457 2801 perdit,
489 2745 574 2802 saepe
603 2725 635 2784 in
670 2725 778 2785 semine
812 2743 865 2784 suo
900 2726 986 2800 perit.
1039 2724 1098 2796 Qui
1133 2727 1234 2784 autem

215 2830 312 2872 semen
335 2832 421 2873 suum
446 2817 524 2874 recte
547 2815 656 2890 fundit,
679 2817 792 2873 rectam
815 2813 983 2891 genituram
1006 2815 1130 2889 profert.

173 2911 201 2957 30
283 2903 329 2963 De
351 2898 540 2984 elemential)
593 2904 746 2964 Elementa
774 2907 874 2963 autem
904 2922 1148 2984 unamquamque
1179 2922 1230 2960 na·

214 2993 313 3050 turam
336 2992 463 3051 hominis
492 2992 607 3065 bibunt,
640 3010 707 3051 oum
737 2992 827 3052 homo
858 2991 1231 3067 9191119119111991191111,

215 3080 285 3156 quia
308 3081 396 3142 homo
419 3100 487 3141 cum
509 3083 570 3140 illis
593 3085 637 3140 est
660 3085 690 3141 ot
712 3081 765 3140 illa
781 3099 849 3141 cum
865 3081 992 3158 homine,
1016 3085 1047 3140 et
1069 3080 1231 3141 secundum

214 3169 271 3229 hoc
293 3171 414 3248 sanguis
437 3171 564 3230 hominis
587 3171 722 3233 inundat.
767 3169 853 3229 Unde
882 3170 972 3230 etiam
999 3171 1144 3246 scriptum
1173 3174 1230 3229 est:

215 3261 351 3319 caelum
374 3262 409 3319 91
430 3263 530 3320 terra
552 3261 734 3337 plangunt
750 3260 1066 3336 superheminem‚
1091 3260 1230 3336 quonism

174 3357 202 3404 35
215 3349 348 3425 inquieto
376 3350 453 3408 bella
479 3351 511 3408 in
534 3349 673 3426 operibus
695 3349 850 3410 hominum
878 3350 1022 3408 elementa
1045 3367 1131 3425 saepe
1155 3368 1229 3408 com·

215 3479 427 3490 h———-

286 3540 309 3612 1)
330 3541 505 3609 ideo—litas
525 3541 628 3598 iterum
645 3540 778 3612 leguntur
795 3539 826 3595 in
847 3541 902 3596 11119
922 3538 1000 3606 libri,
1020 3539 1068 3594 cfr.
1085 3539 1150 3595 adn.
1168 3539 1227 3594 orit.
