2662 3932
188 103 250 162 106
574 95 822 152 HILDEGARDIS

185 299 246 340 nou
268 279 377 339 habent
398 282 428 338 et
459 277 525 338 ideo
557 279 647 338 etiam
675 279 790 355 prolem
820 297 879 338 non
909 279 1087 355 concipiunt,
1120 281 1213 355 quod

186 368 319 428 membra
341 387 443 427 earum
465 367 597 428 nondum
619 368 752 444 perfecta
776 370 858 443 sunt,
886 369 971 428 velut
994 367 1038 426 ibi
1061 368 1213 444 perfectio

185 478 246 517 non
269 460 321 534 est,
344 457 397 516 ubi
419 460 539 517 tentum
562 457 789 516 fundamentum
812 457 919 517 domus
944 457 1079 533 positum
1108 461 1153 516 est
1179 464 1213 518 et

187 565 292 606 murus
325 545 457 606 nondum
489 546 647 622 perfectus.
693 545 768 606 (lum
802 550 903 606 autem
931 544 968 604 ad
995 545 1211 606 duodecimum

143 647 174 690 s
188 655 297 725 anuum
318 636 494 712 pervenerit,
516 636 576 695 iem
590 633 723 694 membra
737 636 801 695 eins
820 653 915 712 usque
930 635 968 694 ed
984 635 1211 712 quindecimum

188 744 299 784 annum
333 724 552 800 confortantur,
586 725 671 785 velut
704 743 808 784 murus
838 724 1003 800 perficitur,
1037 724 1092 800 qni
1114 743 1210 800 supra

188 813 415 874 fundamentum
445 812 482 872 ed
511 813 729 890 plenitudinem
760 832 845 872 suem
870 813 1003 888 ponitur.
1048 813 1077 872 A
1100 814 1210 890 quinto

188 904 301 963 decimo
333 921 404 963 vero
435 921 511 962 anno
542 902 603 960 iam
630 921 773 978 compago
796 903 999 961 membrorum
1021 902 1086 962 eius
1108 921 1210 979 usque

189 993 227 1052 ad
249 992 422 1052 vicesimum
455 1009 565 1050 annum
592 989 757 1066 perficitur,
789 991 874 1050 velut
897 990 1015 1062 domus,
1049 1010 1125 1068 quoe
1148 996 1211 1052 tra-

148 1080 277 1140 1ohibns
309 1083 339 1140 et
368 1083 450 1140 tecto
481 1081 542 1138 iem
573 1079 704 1155 perfecta
726 1082 778 1154 est,
808 1080 839 1138 in
863 1099 953 1156 qnam
975 1083 1048 1140 tuno
1072 1099 1210 1158 quaeque

189 1170 329 1230 utensilia
351 1170 513 1244 ponuntur.
557 1169 597 1227 ut
618 1169 661 1227 ite
683 1168 793 1228 femine
816 1168 920 1227 deinde
943 1169 974 1227 in
1000 1169 1083 1228 venis
1114 1173 1145 1229 et
1175 1171 1211 1230 in

191 1258 417 1336 compaginibus
431 1257 632 1318 membrorum
647 1275 771 1316 suorum
785 1257 916 1333 perfecta
930 1257 990 1317 iam
1005 1257 1094 1319 virile
1109 1277 1211 1318 semen

190 1348 343 1424 concipere
366 1349 395 1405 et
417 1347 544 1406 retinere
567 1350 597 1406 et
625 1347 781 1406 calefacere
803 1348 916 1422 potest,
945 1347 1025 1422 quod
1053 1347 1079 1406 si
1107 1348 1212 1424 alique

190 1437 300 1495 femina
322 1439 390 1495 ante
411 1436 586 1500 vicesimum
609 1436 714 1495 aetatis
736 1454 806 1494 suae
829 1437 996 1512 conceperit
1018 1437 1124 1512 fetum,
1153 1436 1212 1496 hoc

150 1534 178 1580 15
192 1527 246 1584 eut
272 1525 308 1584 de
335 1524 427 1584 nimio
455 1525 552 1585 calore
579 1529 703 1584 naturae
733 1543 803 1583 succ
830 1527 860 1583 et
887 1525 989 1583 mariti
1016 1525 1064 1586 sui
1092 1527 1146 1584 aut
1173 1525 1212 1585 de

190 1615 287 1673 multa
309 1614 492 1690 amplexione
514 1615 672 1674 amborum
692 1613 739 1683 fit;
762 1614 814 1672 sed
828 1616 928 1673 tamen
943 1615 1040 1673 fetum
1055 1614 1211 1674 infirmum

193 1706 224 1762 et
245 1703 277 1762 in
299 1704 402 1780 aliquo
423 1723 456 1762 re
479 1703 605 1763 debilem
627 1703 776 1779 producit.

184 1843 190 1858 Ι
256 1793 302 1853 Da
334 1794 481 1853 menstrui
515 1793 656 1865 defecta„
686 1791 716 1850 A
749 1791 995 1868 quinquagesimo
1028 1811 1098 1852 vero
1133 1811 1210 1852 anno

192 1884 244 1940 aut
267 1881 417 1940 interdum
446 1903 463 1940 a
489 1881 670 1960 sexagesimo
702 1881 811 1939 femina
843 1881 919 1940 circa
948 1881 1119 1940 fenestralia
1145 1881 1212 1942 loca

150 1979 180 2024 ao
193 1989 246 2030 sua
268 1970 441 2047 implicatur
468 1974 498 2030 et
525 1971 636 2046 crescit,
667 1970 712 2028 ita
742 1969 822 2045 quod
854 1973 884 2029 et
914 1970 1032 2030 rivulus
1063 1973 1210 2031 menstrui

191 2060 345 2135 sanguinis
367 2061 399 2118 in
415 2059 537 2118 domum
552 2077 644 2133 suom,
668 2058 780 2118 scilicet
795 2059 826 2116 in
841 2059 979 2135 membra,
995 2060 1161 2120 revertitur
1175 2065 1213 2119 ut

192 2167 272 2226 ager,
296 2149 346 2224 qui
371 2149 593 2224 postmultum
623 2152 806 2206 transactum
837 2147 969 2207 laborem
991 2149 1052 2206 iam
1081 2149 1210 2225 amplius

191 2237 275 2295 nulle
306 2237 416 2296 semine
445 2237 602 2296 fructuum
633 2241 663 2295 et
694 2237 838 2296 frumenti
864 2239 964 2312 potest
985 2237 1135 2312 suscipere
1157 2243 1209 2298 aut

193 2326 315 2402 gignere
322 2329 375 2385 ant
388 2325 468 2399 (ad)
483 2325 647 2402 perfectum
659 2326 864 2400 (producere)
877 2326 1085 2402 praeteritores
1090 2331 1145 2387 eut
1153 2328 1210 2386 alie

152 2414 269 2474 orbona
291 2415 433 2492 gramina.
480 2415 520 2474 Et
542 2413 598 2474 hcc
620 2415 677 2474 erit
699 2414 730 2472 iu
752 2414 877 2473 muliere
904 2433 1000 2491 usque
1028 2416 1065 2474 ad
1095 2419 1209 2494 octoge
1302 2477 1303 2482 ,

193 2505 303 2564 simum
326 2524 443 2580 amum,
467 2525 484 2562 a
507 2522 568 2580 qno
592 2503 727 2579 deinceps
751 2523 768 2561 a
787 2503 901 2563 viribus
916 2505 977 2564 suis
993 2505 1113 2564 omuino
1129 2505 1209 2565 incli-

194 2597 292 2656 natur.
336 2592 412 2652 Nam
435 2614 452 2651 a
475 2593 722 2670 quiuquagesimo
746 2611 821 2652 anno
844 2595 898 2651 aut
919 2593 1079 2668 aliqnando
1095 2595 1127 2652 in
1143 2595 1208 2671 qui·
1302 2599 1303 2634 ³

193 2683 319 2741 busdam
340 2683 459 2741 feminis
482 2703 499 2741 a
520 2683 699 2760 sexagesimo
726 2684 877 2742 menstrua
904 2686 1018 2741 cessant
1045 2685 1075 2742 et
1101 2684 1210 2742 matrix
1302 2763 1303 2766 Ἴ

193 2771 342 2846 implicari
368 2775 399 2830 et
425 2771 559 2831 contrahi
592 2771 706 2847 incipit,
740 2772 783 2830 ita
817 2771 899 2847 quod
933 2771 1061 2848 amplius
1095 2773 1209 2848 prolem

156 2869 185 2916 oo
198 2859 350 2936 concipere
372 2878 431 2919 non
452 2865 585 2936 possunt,
608 2861 665 2919 nisi
687 2860 839 2919 interdum
862 2861 986 2937 eveniet,
1009 2863 1045 2919 ut
1059 2860 1161 2938 eliqua
1176 2881 1210 2922 ex

196 2947 328 3026 qualibet
351 2950 557 3026 superfluitate
578 2949 628 3008 vix
659 2950 749 3008 semel
780 2949 900 3008 interim
931 2968 1027 3026 usque
1057 2950 1095 3008 ad
1128 2954 1207 3012 octo·

195 3039 342 3116 gesimam
370 3058 480 3096 annum
506 3038 621 3114 prolem
648 3038 801 3114 concipiat,
833 3039 865 3096 iu
892 3058 953 3115 qua
974 3042 1075 3098 tamen
1104 3039 1208 3116 aliquis

195 3127 328 3186 defectus
343 3126 495 3187 interdum
510 3121 670 3204 continget,
693 3127 823 3187 velutin
839 3126 899 3186 illis
914 3128 1089 3188 multotiens
1104 3129 1210 3206 evenit,

197 3235 272 3292 quae
295 3216 374 3275 infra
395 3217 569 3277 vicesimum
592 3235 704 3275 anuum
717 3220 835 3276 tenerae
850 3217 1025 3276 iuvenculae
1041 3217 1209 3278 exsistentes

155 3306 226 3364 erin
248 3305 302 3364 ille
323 3305 520 3366 teneritudine
543 3306 713 3382 concipiunt
735 3310 766 3365 et
787 3305 918 3382 pariunt.
961 3305 1009 3364 Ab
1030 3307 1208 3382 octogesimo

197 3413 267 3455 vero
294 3414 369 3455 anno
396 3395 507 3454 femina
530 3415 548 3454 a
569 3395 683 3456 viribus
713 3395 774 3454 suis
801 3395 839 3454 ed
871 3395 1019 3454 defectum
1052 3395 1209 3456 inclinetur
1302 3419 1303 3430 ¹

198 3484 282 3544 velut
304 3485 374 3558 dies,
398 3485 451 3561 qui
474 3484 512 3543 ed
535 3503 668 3545 occasum
692 3484 797 3544 tendit.
