2680 3938
194 149 235 206 46
580 139 826 196 HILDEGARDIS

193 329 290 399 verat,
318 325 369 386 sed
392 327 494 402 postea
516 345 584 385 eum
607 325 759 385 mendacio
782 327 929 402 permixta
952 328 1005 388 est.
1049 325 1090 384 Et
1112 324 1211 388 Adam

167 416 229 474 -de
251 419 333 474 terre
355 419 471 475 oreatus
498 419 529 476 et
556 434 624 476 oum
656 416 808 475 elementis
834 415 995 475 suscitatus
1024 415 1209 494 mutabatur,

192 505 346 564 litavere
371 505 407 563 de
430 507 510 564 ousta
531 505 615 563 Adae
638 508 753 564 mutata
775 525 834 564 uon
857 507 909 564 est.

258 593 304 653 Da
326 595 412 654 ane
433 594 559 657 malitia.
593 595 632 653 111
654 595 734 654 idem
755 595 853 654 Adam
876 594 911 653 de
934 593 1087 654 viriditate
1110 595 1209 654 101100

165 682 286 742 tvin'lis
318 686 348 742 et
380 684 416 743 de
450 684 601 743 elementis
632 683 814 743 fortissimus
845 687 920 755 erat,
950 682 1015 743 ilva
1042 685 1144 742 autem
1173 683 1211 742 de

191 771 330 832 medullis
352 773 414 832 suis
437 773 534 832 mollis
557 773 617 832 fuit
640 775 671 832 et
693 792 808 832 aeream
832 775 961 832 mentem
982 790 1016 831 ee
1038 774 1157 831 acutam
1181 777 1212 832 et

192 861 359 922 deliciosam
381 863 475 922 vitam
498 861 610 936 habuit
640 863 780 938 quoniam
802 862 919 939 pondus
942 865 1039 921 terrae
1063 879 1127 920 eam
1150 881 1211 935 non

191 951 306 1027 pressit.
352 950 410 1010 Sed
432 955 468 1010 ut
491 952 555 1026 ipsa
577 951 613 1009 de
636 952 701 1011 viro
725 954 770 1011 est
793 952 908 1027 adnata,
936 951 979 1011 sio
1002 969 1089 1010 omne
1113 969 1209 1027 genus

192 1040 356 1100 humanum
379 1059 414 1099 ex
429 1041 494 1115 ipsa
508 1039 661 1115 processit.
692 1040 790 1101 Homo
813 1059 934 1117 quoque
956 1040 988 1099 in
1010 1039 1086 1098 duas
1109 1043 1210 1114 partes

154 1136 181 1180 10
195 1130 307 1190 divisus
337 1133 394 1204 est,
435 1128 548 1188 seilicet
578 1129 749 1206 vigiliarum
780 1134 810 1190 et
841 1129 1035 1193 dormitionis.
1091 1127 1150 1188 Sed
1182 1132 1213 1188 et

193 1237 300 1296 corpus
322 1218 449 1277 hominis
472 1217 588 1277 duobus
604 1219 700 1279 modis
715 1220 816 1295 alitur,
837 1220 880 1278 ita
896 1219 979 1294 quod
994 1217 1059 1277 eibo
1076 1218 1212 1293 repletui

1335 1067 1337 1162 1

192 1311 222 1366 et
250 1307 332 1386 quod
358 1326 413 1382 per
439 1325 577 1367 somnum
607 1307 749 1372 refieitur.
796 1307 958 1384 Postquam
987 1311 1088 1367 autem
1111 1308 1212 1366 anima
1336 1307 1337 1310 ’

192 1415 298 1472 eorpus
322 1414 438 1472 egressa
460 1397 560 1473 fuerit,
588 1397 620 1455 in
643 1399 701 1457 alio
724 1398 814 1457 modo
839 1396 942 1456 deinde
966 1397 1123 1472 cumipse
1147 1397 1208 1456 via-

191 1489 261 1544 tura
277 1485 341 1557 erit,
354 1487 385 1544 et
399 1485 455 1544 hoe
470 1486 530 1557 illa,
544 1505 620 1563 quae
635 1487 714 1546 bona
729 1489 782 1562 est,
794 1487 844 1546 vix
859 1486 995 1549 sustinet.
1017 1484 1103 1544 Unde
1119 1486 1211 1544 etiam

152 1583 180 1628 15
196 1574 234 1632 ad
258 1573 346 1632 deum
369 1575 478 1634 elamat
504 1578 534 1634 et
558 1575 643 1636 dicit:
668 1576 786 1652 qnando
808 1593 925 1635 earnem
950 1594 1046 1634 meam
1074 1574 1207 1650 induam,

191 1682 258 1722 011111
283 1683 343 1741 qua
365 1663 397 1722 in
420 1664 533 1724 diurnis
557 1665 660 1724 diebus
688 1665 769 1725 vixi?
801 1665 876 1725 Oum
904 1663 982 1722 enim
1011 1663 1083 1722 deus
1106 1682 1209 1724 omnes

192 1756 341 1812 creaturae
365 1754 489 1826 11100111,
522 1753 583 1813 dies
608 1773 665 1813 una
688 1772 756 1813 oum
779 1754 896 1832 integra
923 1753 1003 1829 11100,
1037 1772 1127 1828 quam
1149 1773 1210 1812 nox

195 1843 326 1901 nondum
351 1843 501 1913 diviserat,
525 1843 673 1919 apparuit.

258 1933 303 1991 De
326 1933 415 1992 eailto
437 1931 532 1992 Adue.
580 1931 638 1991 Sed
664 1935 825 2008 postquam
847 1931 944 1989 Adam
972 1930 1118 2006 peccavit,
1149 1950 1209 1991 nox
1336 1895 1337 1941 ἢ

151 2020 292 2080 noaoesse
315 2021 427 2097 eoepit,
455 2025 486 2081 et
509 2009 608 2080 omnia
631 2022 776 2081 elementa
798 2022 913 2099 magnis
935 2019 1064 2079 1011011110
1088 2019 1207 2080 obtene-

191 2110 277 2168 brata
299 2112 377 2179 sunt,
400 2110 431 2168 in
455 2111 564 2186 quibus
586 2110 684 2169 Adam
707 2111 738 2170 iu
762 2111 883 2170 exilium
898 2110 979 2168 istud
995 2108 1140 2169 dednotus
1156 2112 1209 2173 est.

192 2197 250 2268 oui
273 2198 345 2257 dum
368 2198 465 2259 luoem
494 2199 604 2260 saeeuli
629 2199 721 2260 buius
751 2199 840 2273 vidit,
871 2199 1035 2277 gaudebat,
1066 2199 1207 2275 quoniam

190 2289 254 2363 ipse
271 2286 444 2348 tenebrosus
460 2290 532 2363 erat,
556 2307 589 2347 ao
604 2288 786 2349 lacrimando
803 2289 889 2348 dixit:
914 2287 972 2347 alio
996 2288 1084 2346 modo
1108 2288 1209 2348 vivere

192 2375 292 2453 debeo,
316 2395 406 2453 quam
429 2378 513 2453 prius
537 2377 611 2435 mihi
633 2379 734 2438 vivere
757 2377 828 2437 deus
852 2376 976 2440 dederit.
1006 2376 1113 2436 111111
1137 2395 1207 2436 oum

151 2466 301 2526 1501111010
331 2465 467 2526 laborare
497 2467 602 2542 eoepit.
659 2465 717 2526 Sed
751 2469 911 2543 antequam
945 2465 1043 2525 Adam
1082 2468 1112 2524 et
1144 2465 1210 2526 love

189 2555 325 2616 divinum
346 2559 538 2632 praeceptum
561 2556 758 2632 praevaricati
780 2557 915 2628 dissent,
938 2557 974 2614 ut
996 2554 1041 2615 sol
1062 2554 1093 2613 iu
1109 2555 1206 2630 splen·

189 2645 260 2705 dore
283 2645 450 2723 fulgebant,
479 2646 532 2722 qui
554 2646 695 2721 splendor
717 2645 806 2705 etiam
828 2645 900 2721 ipsis
925 2644 1008 2720 quasi
1035 2662 1089 2720 pro
1119 2645 1206 2704 vesti·

188 2738 288 2793 mento
322 2734 391 2797 fuit.
449 2734 508 2805 Qui
540 2734 611 2793 dum
645 2740 838 2811 praeceptum
872 2734 919 2793 dei
956 2732 1207 2809 transgredientes

188 2823 316 2898 amplius
338 2843 398 2882 11011
420 2824 585 2901 fulgebant,
608 2827 645 2883 ut
666 2824 751 2899 prius
766 2824 905 2899 fecerant,
929 2822 979 2881 sed
999 2822 1118 2882 obscuri
1132 2821 1207 2881 facti

149 2919 177 2966 30
192 2914 273 2983 sunt,
298 2915 328 2970 et
350 2913 393 2972 ita
414 2913 446 2971 in
469 2912 650 2972 obscuritate
672 2913 726 2971 illa
748 2907 983 2988 permanserunt.
1031 2910 1114 2971 Unde
1137 2931 1207 2972 eum

187 2999 321 3060 viderent
344 3020 374 3060 se
397 3020 456 3061 non
471 3002 597 3079 fulgere,
621 3002 700 3062 siout
713 3002 799 3077 prius
815 3002 980 3078 fulgebant,
1002 3003 1208 3078 eognoverunt

188 3109 218 3150 se
240 3090 337 3149 nudos
360 3107 421 3150 esse
445 3094 475 3150 et
497 3091 577 3150 foliis
600 3091 726 3162 arboris,
750 3091 829 3150 siout
850 3090 893 3149 ibi
916 3091 1062 3166 seriptum
1086 3094 1145 3166 est,
1175 3108 1206 3148 se

189 3178 372 3241 obtexerunt.
436 3181 476 3239 Et
522 3179 621 3239 Adam
660 3188 727 3239 ante
766 3180 1053 3256 praevaricationem
1093 3180 1206 3254 absque

191 3268 331 3344 operibus
362 3271 397 3328 ut
429 3270 474 3330 sol
505 3268 653 3347 fulgebat,
694 3269 776 3347 quod
806 3269 940 3328 nondum
972 3268 1095 3345 aliquod
1130 3286 1206 3344 opus

146 3367 176 3412 35
189 3357 306 3417 fecerat.
344 3356 400 3417 Sed
423 3363 491 3435 post
511 3359 600 3418 finem
623 3358 733 3418 saeculi
756 3359 866 3419 iterum
888 3358 961 3418 iusti
983 3360 1019 3417 ut
1042 3358 1086 3417 sol
1107 3357 1205 3458 fulge·

188 3447 272 3522 bunt,
296 3447 374 3506 siout
396 3449 539 3525 seriptum
559 3450 616 3508 est:
644 3447 842 3526 fulgebunt
863 3447 955 3506 iusti
978 3443 1072 3507 siout
1095 3446 1206 3506 001111

187 3554 299 3614 regno
324 3537 441 3612 patris
466 3557 597 3600 eorum.
644 3536 701 3596 Sed
725 3556 793 3598 eum
817 3536 924 3596 sanetis
948 3534 1087 3610 operibus
1111 3533 1205 3611 fulge·
