2680 3938
376 185 522 242 CAUSAE
540 185 587 241 ΕΤ
606 185 727 241 OURAE
745 186 812 241 LIB.
830 186 864 240 Il.
1086 190 1126 249 65

84 390 223 449 corpus
258 390 328 431 cum
361 389 446 430 carne
480 373 511 429 et
543 371 687 447 sanguine
724 389 784 429 non
820 370 878 429 nisi
915 388 970 446 per
1002 369 1130 427 animam

90 463 301 533 moveretur;
324 460 421 518 anima
436 462 537 519 autem
548 460 614 533 siue
630 477 753 535 corpore
768 459 869 519 vivere
890 461 998 536 potest,
1020 477 1130 534 nequa·

93 571 210 628 quam
232 553 332 609 autem
355 567 463 624 corpus
491 548 554 608 siue
577 549 673 608 anima
694 548 784 623 vivit,
815 567 891 624 quae
914 551 982 624 post
1009 547 1130 606 novissi·

93 660 202 699 mum
225 639 303 699 diem
326 637 534 696 indumentum
557 656 645 696 suum
669 637 795 713 reposcit
818 639 848 696 et
869 637 947 696 illud
969 635 1132 696 secundum

96 728 295 789 desiderium
311 746 399 786 suum
414 731 487 786 tunc
509 727 597 802 regit.
634 724 683 785 Sic
706 745 826 803 quoque
847 724 936 786 homo
959 726 992 784 iu
1014 725 1158 785 duabuss

95 819 232 878 naturis
255 820 313 888 est,
344 816 586 892 scilicetcorpus
609 815 771 891 stenima,
805 818 841 873 ut
869 815 959 874 etiam
982 833 1052 873 caro
1074 833 1132 873 non

100 908 178 966 sine
207 906 349 983 sanguiue
380 923 433 966 nec
461 905 580 982 sanguis
607 905 669 964 sine
693 923 778 964 carne
801 907 858 976 est,
882 923 958 981 quae
981 906 1078 962 tamen
1101 903 1133 962 iu

101 999 225 1056 natura
246 1015 301 1055 sua
322 994 481 1053 dissimiles
503 997 582 1070 sunt,
605 997 636 1054 et
658 995 736 1054 sicut
758 993 856 1052 anima
877 993 1047 1052 nullatenus
1070 991 1132 1050 sine

104 1103 239 1161 corpore
271 1085 310 1144 sit
339 1087 370 1143 et
401 1084 474 1143 daus
505 1083 589 1142 nullo
619 1084 707 1142 modo
737 1083 800 1142 sine
830 1101 919 1158 opere
950 1085 1003 1145 est.
1049 1079 1132 1155 Opus

107 1175 195 1234 enim
228 1192 318 1232 suum
349 1174 416 1232 ante
449 1191 556 1232 aevum
587 1176 619 1232 et
641 1173 672 1230 in
697 1190 769 1231 aevo
796 1171 983 1232 aeternaliter
1009 1171 1041 1229 iu
1067 1171 1131 1247 ipso
1147 1180 1173 1226 ιο

107 1263 216 1338 latuit,
245 1261 495 1338 quemadmodum
518 1261 616 1320 anima
637 1261 828 1321 invisibiliter
850 1261 881 1319 in
904 1279 1026 1336 corpore
1049 1260 1131 1321 latet.

109 1353 228 1412 Anima
248 1355 349 1410 autem
371 1351 433 1410 sine
456 1369 577 1426 corpore
600 1350 684 1426 vivit,
709 1353 739 1408 et
753 1355 822 1426 post
836 1350 1031 1409 novissimum
1054 1348 1131 1408 diem

110 1441 327 1500 indumentum
348 1459 438 1498 suum
460 1459 478 1498 a
500 1439 555 1498 deo
579 1439 733 1515 desiderat,
757 1443 793 1498 ut
816 1439 874 1499 sibi
896 1439 973 1498 illud
989 1438 1131 1511 attrahat3

111 1533 146 1590 et
166 1530 212 1588 ita
234 1529 325 1589 etiam
348 1530 433 1605 deus,
467 1529 521 1605 qui
548 1532 615 1587 ante
643 1549 748 1588 aevum
775 1532 806 1587 et
831 1528 863 1587 in
891 1547 961 1588 aevo
985 1528 1049 1587 vita
1071 1527 1132 1586 sine

110 1618 262 1696 principio
285 1619 359 1688 fuit,
390 1618 421 1676 iu
448 1618 610 1678 constituto
638 1620 771 1694 tempore
797 1618 1006 1676 indumentum
1033 1636 1130 1692 suum,
1145 1627 1172 1672 15

111 1707 198 1785 quod
213 1707 400 1767 aeternaliter
414 1707 446 1766 in
462 1708 527 1782 ipso
543 1707 641 1783 latuit,
664 1706 721 1766 sibi
741 1706 872 1767 attraxit
910 1707 950 1765 st
964 1705 1020 1765 hoc
1041 1706 1130 1765 modo

111 1799 189 1856 deus
221 1800 251 1855 et
277 1797 365 1856 homo
392 1816 487 1855 unum
517 1799 589 1854 sunt
610 1800 646 1854 ut
673 1796 770 1855 anima
797 1798 827 1854 et
849 1813 965 1871 corpus,
988 1795 1131 1871 quoniam

111 1887 188 1945 deus
203 1885 352 1945 hominem
366 1886 404 1945 ad
426 1885 587 1962 imaginem
610 1890 640 1944 et
654 1885 691 1944 ad
708 1884 935 1944 similitudinem
949 1902 1035 1942 suam
1049 1882 1130 1946 fecit.

111 1975 158 2034 Ut
181 1979 281 2034 autem
304 1993 440 2051 quaeque
471 1993 517 2033 res
545 1975 681 2034 umbram
711 1973 814 2049 habet,
846 1973 887 2032 sic
920 1973 1010 2032 etiam
1040 1971 1129 2032 horno

111 2062 223 2123 umbra
254 2063 302 2123 dai
329 2067 374 2123 eat
405 2066 436 2122 et
467 2062 573 2122 umbra
606 2063 734 2123 ostensio
762 2064 895 2122 facturae
922 2065 966 2121 est
989 2064 1019 2120 et
1041 2061 1129 2121 homo
1143 2073 1171 2118 aa

113 2152 325 2228 omnipotentis
353 2153 401 2212 dei
428 2153 460 2210 in
490 2153 628 2212 omnibus
656 2153 807 2211 miraculis
836 2152 898 2210 suis
922 2151 1049 2210 ostensio
1076 2155 1129 2226 est,

111 2242 238 2319 ipsaque
273 2240 380 2300 umbra
416 2244 473 2310 est,
509 2242 580 2318 quia
614 2241 737 2300 initium
774 2240 870 2301 habet.
916 2240 997 2300 Deus
1029 2244 1130 2300 autem

112 2350 168 2390 nec
190 2329 310 2389 initium
332 2348 385 2390 nec
412 2331 500 2389 finem
527 2330 624 2392 habet.
669 2331 755 2390 Unde
782 2329 877 2389 omnis
905 2329 1038 2389 caelestis
1060 2331 1129 2388 har·

112 2419 214 2478 monia
228 2420 382 2496 speculum
397 2419 564 2479 divinitatis
580 2423 633 2496 est,
656 2423 688 2480 at
707 2419 795 2479 homo
818 2419 974 2495 speculum
996 2419 1130 2478 omniurn

113 2508 329 2568 miraculorum
351 2512 396 2569 eet
419 2508 475 2569 dei.
1142 2519 1170 2564 25

182 2598 227 2657 Dc
248 2599 446 2672 ueneratione.
491 2597 574 2657 Tunc
601 2598 692 2658 etiem
718 2597 857 2674 flegmata
883 2601 914 2656 et
935 2597 1075 2657 humores
1097 2597 1129 2656 in

112 2705 149 2746 eo
182 2689 328 2758 crescunt,
360 2685 524 2746 secuudum
558 2686 640 2764 quod
669 2689 778 2746 natura
810 2686 930 2746 seminis
962 2687 1026 2745 eius
1059 2686 1128 2759 fuit,

113 2775 257 2852 qnoniam
284 2775 448 2836 secundum
475 2776 556 2852 quod
580 2776 718 2834 triticum
740 2778 794 2834 aut
815 2776 904 2852 siligo
928 2780 982 2835 aut
1004 2774 1129 2834 ordeum

113 2863 286 2936 seminatur,
314 2865 477 2924 secundum
499 2864 554 2924 hoc
577 2865 667 2924 etiam
690 2868 720 2924 et
742 2883 835 2942 grana
858 2865 1035 2923 naturaliter
1057 2883 1126 2941 pro-

112 2954 224 3013 ierunt
268 2953 309 3012 Et
335 2954 414 3013 sicut
441 2954 584 3030 superflui
613 2953 753 3013 humores
780 2954 811 3013 in
839 2953 957 3014 homine
983 2957 1046 3012 tam
1074 2954 1128 3013 diu
1141 2965 1169 3010 ao

115 3041 154 3100 ad
176 3042 303 3101 multam
325 3042 469 3102 insaniam
489 3046 520 3102 et
534 3043 566 3102 in
580 3043 677 3102 multa
692 3043 825 3118 pericula
839 3045 1008 3114 vertuntur,
1031 3061 1127 3120 usque

115 3131 189 3190 dum
212 3131 307 3190 sedati
330 3135 443 3192 cessent
465 3136 496 3191 et
525 3150 622 3209 usque
652 3132 725 3190 dum
756 3133 787 3191 in
818 3135 930 3192 rectam
959 3151 1127 3191 mensuram

113 3239 199 3280 suam
232 3220 366 3290 redeant,
400 3221 442 3280 sic
475 3221 565 3280 etiam
596 3221 693 3280 infans
731 3221 767 3280 de
804 3222 901 3297 prima
935 3221 1126 3280 seminatione

114 3309 234 3368 seminis
256 3309 289 3368 in
310 3311 420 3368 multas
443 3309 660 3370 vicissitudines
683 3311 737 3370 hac
752 3314 783 3370 et
797 3310 866 3370 illac
880 3310 1019 3383 vertitur,
1043 3313 1124 3370 ante·

115 3417 207 3474 quam
237 3398 361 3474 spiritus
388 3417 419 3458 ee
446 3399 477 3457 iu
504 3418 537 3458 eo
561 3402 680 3459 moveat
702 3403 733 3458 et
755 3401 915 3476 antequam
937 3399 968 3458 iu
991 3418 1025 3459 eo
1048 3403 1126 3459 recte
1139 3409 1167 3455 35
1232 3455 1233 3460 ,

113 3490 259 3562 operetur.

180 3577 226 3636 Dc
247 3577 423 3637 nemeina.
462 3575 547 3636 Nunc
570 3577 668 3652 etiam,
695 3579 856 3652 postquam
878 3594 976 3636 samen
998 3576 1125 3636 hominis

165 3684 322 3740 Hildagardis
335 3695 423 3732 caueae
436 3687 461 3730 et
474 3697 547 3730 curae
560 3685 597 3731 ed.
611 3684 727 3731 Kaisar.
983 3680 999 3732 5
