2680 3938
376 178 519 234 CAUSAE
538 179 585 234 ΕΤ
604 177 727 234 uolatu
745 179 812 234 LIB.
831 179 852 233 I.
1084 187 1125 246 23

82 365 242 428 cessando
265 367 503 440 compescuntur,
527 381 627 424 semen
650 383 747 439 suum,
771 365 852 440 quod
874 370 919 425 est
941 366 984 425 sal
1004 366 1042 425 de
1056 366 1125 443 igne

83 451 133 516 ¹et
161 475 240 532 aqua
271 456 397 524 factum,
429 453 568 528 deiciunt,
604 454 857 528 quemadmodum
880 454 989 515 herbae
1013 456 1124 515 semina

87 565 157 606 sua
180 545 213 603 in
235 545 407 603 maturitate
430 543 593 620 proiciunt.

170 634 218 694 Dc
239 634 310 693 eale.
345 632 396 692 sal
420 638 520 692 autem
543 631 579 690 de
602 631 670 708 igne
693 632 805 692 siccum
820 635 872 709 est,
896 632 932 692 da
946 632 1125 694 humiditate

89 742 175 784 varo
198 741 292 798 aquae
316 725 440 800 gustum
463 720 559 784 habet.
1138 733 1153 778 5

172 813 218 872 Dc
240 829 390 886 aquarum
413 811 591 871 diversitate.
627 810 666 868 Et
688 810 788 881 rivuli,
812 810 869 886 qui
892 810 928 869 de
948 810 994 870 his
1009 813 1125 888 magnis

94 903 197 978 aquis,
221 901 334 960 scilicet
356 900 392 959 de
408 899 491 972 mari,
514 900 620 975 fluunt,
645 902 675 958 et
690 900 794 971 fontes,
825 899 878 976 qui
895 919 930 958 ex
946 899 991 959 his
1006 901 1124 974 saliunt,

92 991 172 1051 selei
194 994 265 1050 sunt
287 992 318 1049 et
339 990 483 1050 maiorem
505 989 605 1066 ignem
630 989 813 1065 maioresque
828 989 906 1048 vires
926 989 956 1048 in
972 1007 1001 1048 ee
1017 988 1126 1048 habent

95 1080 208 1140 ceteris
246 1080 344 1155 aquis3
387 1078 639 1155 quemadmodum
674 1078 765 1136 etiam
799 1096 850 1137 cor
884 1078 1012 1138 maiores
1045 1081 1124 1138 viros

95 1169 222 1250 reliquo
255 1186 377 1244 corpore
405 1166 506 1241 habet3
540 1168 610 1243 quia
643 1167 734 1225 etiam
761 1167 835 1227 haec
862 1167 1122 1244 fluminamagna,
1137 1179 1165 1222 10

98 1260 139 1318 de
163 1257 407 1334 quibusdum,
430 1255 557 1316 maiores
580 1255 658 1316 vires
681 1257 786 1316 ceteris
809 1257 983 1316 fluminibus
1006 1256 1124 1332 habent,

102 1347 248 1425 quoniam
265 1365 356 1422 supra
377 1345 506 1422 primam
529 1349 560 1405 et
583 1364 684 1406 sanam
700 1365 818 1404 arenam
834 1346 870 1405 ab
886 1346 972 1405 initio
995 1346 1125 1422 positam

100 1438 205 1496 fluunt
227 1438 258 1495 et
280 1455 339 1495 non
362 1454 452 1511 super
477 1435 573 1511 illam,
607 1453 696 1510 quam
723 1435 754 1493 in
782 1453 872 1494 cursu
901 1453 955 1494 suo
989 1435 1126 1495 fecerunt

100 1528 157 1585 aut
180 1525 362 1588 detexerunt.
407 1523 496 1600 Aqua
523 1542 592 1584 vero
620 1525 707 1599 quasi
735 1524 867 1600 aquatile
897 1542 1004 1600 corpus
1026 1527 1124 1584 terrae

100 1619 149 1675 est
172 1617 202 1674 et
223 1618 305 1674 terra
328 1614 413 1689 quasi
436 1632 487 1673 cor
510 1632 617 1689 aquae,
651 1613 723 1689 quia
756 1632 835 1688 aqua
861 1616 973 1672 terram
1001 1613 1124 1672 circnm-
1138 1622 1166 1669 15

101 1704 200 1781 cingit
221 1707 251 1763 et
278 1703 433 1778 perfundit
460 1707 584 1774 terram,
615 1705 651 1762 ut
678 1720 786 1779 corpus
814 1721 865 1762 cor
896 1703 1125 1778 comprehendat

101 1797 135 1853 et
156 1793 241 1870 tegit.
287 1793 325 1851 m
348 1796 429 1852 terra
452 1811 559 1867 aquam
582 1794 736 1863 sustentat,
759 1789 1011 1867 quemadmodum
1034 1791 1124 1850 etiam

103 1901 157 1943 cor
181 1899 289 1958 corpus
305 1884 395 1942 tenet.
432 1879 488 1940 Sed
504 1884 534 1940 ot
550 1900 628 1958 aqua
642 1881 744 1957 magni
760 1880 858 1952 marie,
882 1880 962 1956 quod
978 1879 1123 1939 mundum

104 1971 321 2048 circumcingit,
346 1974 390 2031 est
412 1970 497 2046 quasi
520 1972 601 2030 tatus
623 1970 745 2030 illarum
762 1988 917 2046 aquarum,
940 1987 1018 2045 quae
1034 1988 1124 2044 super
1153 2039 1155 2050 Ι

102 2061 325 2120 firmamentum
357 2063 442 2132 eunt,
477 2059 557 2135 quod
591 2059 746 2118 summitas
778 2059 913 2129 illarum,
945 2077 1021 2134 quae
1054 2062 1124 2118 suut
1137 2068 1165 2114 20

103 2169 196 2226 super
217 2150 444 2220 firmamentum,
468 2151 498 2208 et
520 2149 690 2208 extremitas
711 2148 841 2225 illarum,
865 2167 940 2224 qnae
954 2147 1009 2207 sub
1024 2147 1122 2206 firma·

104 2241 205 2299 mento
237 2242 321 2314 eunt,
353 2238 409 2297 eibi
438 2238 564 2298 invicem
597 2237 829 2316 coniunguntur.
885 2237 925 2296 Et
957 2237 1004 2298 his
1038 2238 1124 2314 aquis

105 2328 287 2404 multiplices
310 2328 404 2403 pelles
427 2327 605 2388 firmamenti
629 2328 783 2402 oppositae
806 2329 884 2402 sunt,
908 2345 984 2403 quae
1005 2326 1064 2386 sibi
1082 2327 1125 2386 ita

105 2420 142 2477 ut
175 2417 248 2476 folia
280 2417 454 2476 tabularum
488 2416 679 2492 complicatae
706 2418 788 2491 aunt,
820 2415 961 2493 quatinus
993 2416 1124 2475 diversos

105 2507 204 2566 fluxus
226 2509 257 2565 et
278 2505 485 2565 inundationes
508 2524 655 2581 aquarum
679 2505 857 2565 contineant
904 2503 959 2563 Sed
984 2505 1123 2580 quemad·
1138 2514 1166 2560 25

106 2595 228 2655 modum
251 2596 350 2654 anima
377 2595 536 2671 rationem,
565 2594 764 2670 intellectum,
798 2593 950 2653 scientiam
978 2597 1008 2652 et
1034 2593 1122 2652 sensi·

106 2685 252 2745 bilitatem
280 2685 311 2743 in
338 2703 369 2743 se
393 2682 533 2760 continet,
564 2683 605 2742 sic
633 2683 723 2742 etiam
749 2683 965 2742 firmamentum
995 2685 1124 2757 quatuor

105 2775 249 2834 elementa
275 2772 439 2834 secundum
466 2791 559 2849 genus
582 2774 725 2832 suumin
748 2791 778 2832 ae
801 2771 935 2831 continet
959 2774 989 2830 et
1011 2773 1123 2831 susten-

106 2857 158 2924 tat.
197 2863 237 2922 Et
259 2882 353 2939 aquae
375 2862 448 2922 iotae
471 2880 531 2921 uno
556 2871 658 2921 tenore
680 2864 769 2937 stant,
792 2864 828 2920 ut
852 2861 967 2936 positae
990 2864 1069 2937 sunt,
1093 2862 1123 2920 et

106 2956 224 3012 scutum
239 2970 336 3028 suum,
353 2952 466 3011 scilicet
476 2953 595 3021 terram,
614 2951 750 3027 irrigant,
765 2949 838 3009 dum
854 2968 945 3026 aquas
961 2950 1124 3014 infundunt
1136 2959 1165 3004 eo

106 3046 137 3102 et
158 3041 327 3117 offundunt,
351 3040 395 3100 ita
416 3044 452 3100 ut
474 3041 542 3100 illae
565 3040 723 3116 aliquando
746 3041 778 3098 in
801 3044 884 3098 terra
908 3039 1072 3099 dilatentur
1095 3041 1125 3098 et

107 3130 255 3190 interdum
277 3129 457 3190 ascendendo
481 3132 614 3207 surgant.
657 3130 697 3188 Et
718 3129 829 3189 iterum
853 3129 884 3187 in
906 3129 1010 3204 pluvia
1033 3129 1123 3187 effun-

108 3219 233 3292 duntur,
266 3222 296 3279 et
319 3219 375 3278 hoc
397 3219 485 3279 modo
508 3220 628 3279 acutum
650 3238 739 3278 suum
763 3237 852 3298 aqua,
884 3217 981 3277 ventis
1005 3221 1035 3276 et
1057 3237 1124 3277 aere

109 3309 215 3380 firmat,
237 3328 274 3368 ne
298 3307 417 3368 diffluat
438 3311 468 3368 et
490 3327 527 3367 ne
550 3307 643 3372 cadat.
681 3308 780 3366 Arana
803 3310 904 3366 eutem
927 3305 1025 3377 maria,
1048 3325 1124 3382 quea

110 3396 144 3456 ab
165 3398 252 3458 initio
276 3397 313 3456 ad
336 3398 479 3458 orientem
502 3397 600 3472 posita
622 3400 680 3472 est,
713 3414 798 3472 saepe
827 3396 902 3455 aerie
930 3394 1123 3455 indeficientis
1137 3403 1166 3450 35

108 3489 201 3546 terrae
232 3487 382 3564 tangitur3
420 3492 450 3548 et
480 3485 549 3546 hinc
576 3489 710 3546 aromata
742 3489 772 3544 et
799 3485 874 3543 aliae
901 3483 1062 3543 medicinae
1091 3484 1123 3542 in

110 3575 209 3636 eudem
232 3595 321 3637 arena
344 3579 422 3638 eunt.
467 3575 497 3635 Si
522 3576 609 3634 homo
634 3595 667 3634 ea
694 3573 801 3633 habere
828 3577 939 3650 posset,
968 3573 1051 3632 nulla
1077 3573 1121 3630 in·
