2662 3932
195 185 234 245 78
580 177 824 236 HILDEGARDIS
1310 218 1314 312 p

193 363 326 423 defectus
349 366 395 423 ast
417 362 455 422 ad
477 363 591 440 protam
606 364 840 442 propagandam.
875 363 963 435 Quod
978 363 1004 423 ai
1018 367 1092 424 tnnc
1108 365 1229 442 aliqua
1312 314 1316 409 i

193 452 302 511 mulier
323 453 440 528 prolam
463 454 636 529 conceperit,
660 453 722 513 sive
737 454 888 512 masculus
903 453 966 512 siva
981 452 1093 512 famina
1107 455 1225 531 fucrit,
1315 454 1319 532 t

193 540 241 600 hic
271 540 360 602 homo
390 541 526 601 infirmus
556 545 587 601 at
614 541 719 602 debilis
746 546 777 602 ot
803 561 863 602 non
885 542 1039 602 virtuosus
1063 543 1128 602 orit
1178 543 1224 604 In
1317 580 1320 633 p

192 630 371 690 incremento
403 651 475 708 argo
506 632 594 734 lunae
623 631 744 733 sangnis
771 635 834 690 tam
860 631 892 690 in
919 629 1029 691 famina
1049 651 1150 734 ‘quam
1167 634 1224 736 'iu
1319 668 1322 747 p

165 720 325 779 5masculo
356 725 485 797 augetur
514 723 545 780 at
573 741 605 780 in
637 720 814 780 detrimento
841 720 929 778 lunae
957 723 1021 779 tam
1047 740 1079 779 m
1101 722 1222 781 samana
1320 758 1324 851 p

1321 899 1325 965 i

1324 1009 1327 1077 i

193 827 285 884 quam
321 809 352 868 in
386 809 518 869 masculo
551 809 699 868 minuitur
733 827 829 885 usqua
862 808 900 868 ad
928 809 1220 887 quinquagesimum

192 898 298 957 natatis
320 917 391 958 suaa
413 917 533 964 annum.

261 987 306 1047 Do
328 993 490 1050 menstruo.
535 986 593 1046 Sed
622 1003 691 1046 cnm
717 987 749 1046 in
776 986 954 1046 detrimento
976 987 1067 1047 lunas
1087 990 1217 1066 sanguis

192 1075 224 1133 in
249 1077 382 1137 masculo
411 1076 575 1148 minuitur,
606 1075 639 1134 in
665 1075 775 1134 famina
802 1076 922 1153 sangnis
944 1094 999 1151 par
1020 1080 1217 1137 menstruum
1323 1127 1325 1144 ,

153 1167 312 1241 rotsmpus
340 1165 431 1224 stiam
456 1165 614 1228 minuitur.
659 1163 747 1234 Quod
773 1165 812 1223 si¹
826 1167 1014 1224 menstruum
1036 1168 1155 1243 tompus
1182 1168 1217 1228 in
1325 1156 1327 1183 i

192 1256 352 1332 acmanto
375 1255 465 1313 lunna
488 1254 579 1314 alicui
600 1254 727 1314 feminac
751 1254 927 1329 occurrerit,
955 1257 1029 1313 tunc
1055 1256 1150 1332 magis
1180 1257 1217 1317 in

191 1347 325 1419 tempora
360 1342 413 1402 illo
448 1342 541 1415 dolat,
577 1363 668 1420 qnam
702 1343 726 1402 si
760 1343 791 1402 in
825 1342 1003 1402 detrimento
1032 1343 1121 1403 lunas
1150 1345 1216 1422 ipsi

193 1432 353 1506 accidisset,
377 1432 519 1508 quoniam
537 1433 569 1491 in
584 1436 745 1510 angmamto
761 1431 881 1508 sanguis
897 1432 924 1490 ai
947 1432 1053 1509 augeri
1075 1433 1230 1512 dababatp

193 1520 246 1595 qui
277 1523 351 1579 tunc
381 1541 435 1597 par
465 1525 651 1580 menstruum
679 1525 797 1597 tompus
824 1521 982 1581 minuitur.
1027 1521 1101 1582 Post
1123 1523 1214 1600 quin·

153 1622 179 1666 1⁵
194 1610 401 1686 quagesimnm
424 1629 494 1671 voro
529 1630 639 1670 annum
672 1611 793 1688 sanguia
827 1611 858 1668 in
892 1608 1010 1670 homins
1044 1613 1214 1672 secundum

191 1715 314 1758 cursum
336 1699 424 1759 lunae
447 1699 506 1759 iam
528 1719 583 1759 nac
606 1703 736 1777 angatur
757 1717 811 1759 nec
832 1699 981 1758 minuitur
1002 1701 1088 1759 tanta
1118 1702 1212 1760 forti-
1325 1776 1326 1782 ἵ

191 1787 295 1847 tudina
318 1791 348 1847 at
370 1789 542 1865 velocitate,
572 1793 609 1849 ut
635 1789 720 1866 prius
746 1788 830 1864 facit,
861 1788 912 1848 sed
938 1806 1035 1864 usqua
1065 1790 1101 1848 ad
1125 1793 1212 1851 octo·

191 1877 338 1953 gasimum
358 1897 468 1937 annum
484 1897 601 1938 carnem
616 1878 647 1937 in
661 1877 714 1938 illo
729 1875 952 1954 aliquantulum
967 1877 1036 1953 plns
1051 1877 1211 1939 incrassari
1324 1881 1325 1885 ’

190 1966 265 2026 facit
288 1987 378 2044 quam
401 1972 488 2027 antas
510 1968 600 2027 solita
622 1967 739 2039 fuisset,
768 1967 844 2044 qnia*
867 1966 946 2026 idam
974 1968 1095 2045 sanguis
1117 1969 1149 2026 in
1171 1988 1210 2029 ao

149 2066 178 2111 20
191 2056 250 2114 iam
273 2059 304 2115 at
325 2057 429 2134 nugari
452 2060 483 2117 at
507 2057 603 2116 minui
625 2059 728 2132 cessat.
761 2056 835 2114 Post
858 2055 1073 2132 octogesimum
1096 2076 1211 2117 annum

189 2149 250 2204 tam
282 2163 350 2204 caro
383 2163 472 2222 quam
504 2146 626 2222 sanguis
653 2144 778 2205 masculi
805 2145 837 2203 in
859 2163 893 2204 co
917 2144 1053 2204 defluunt
1075 2147 1107 2204 at
1126 2147 1209 2210 ontis

189 2234 377 2293 contrahitur
392 2237 531 2312 stragas
554 2233 702 2310 oriuntur,
726 2252 795 2293 cum
816 2234 847 2292 in
870 2233 1026 2294 iuventute
1046 2234 1124 2294 cutis
1140 2236 1208 2295 aius

189 2323 279 2398 plana
306 2325 337 2382 st
359 2326 478 2383 extenta
500 2323 568 2392 fnit,
597 2324 668 2400 quia
695 2341 779 2383 carno
802 2326 833 2382 at
855 2323 998 2400 sanguina
1020 2323 1108 2400 plana
1130 2329 1205 2386 arat.

189 2411 230 2470 Et
257 2412 399 2487 quoniam
425 2415 494 2488 post
516 2413 731 2489 octogesimum
754 2432 864 2470 annum
887 2430 954 2472 caro
979 2415 1010 2472 at
1031 2414 1153 2490 sanguis
1175 2415 1207 2473 in

148 2509 177 2555 2⁵
191 2501 324 2560 masculo
348 2501 492 2577 defluunt,
515 2501 579 2578 ipsa
603 2501 709 2561 dabilis
732 2501 874 2574 afficitur3
897 2501 976 2575 unde
999 2501 1066 2562 cibo
1085 2504 1116 2561 at
1131 2507 1207 2580 potn

191 2590 276 2649 volut
298 2609 375 2667 pnor
398 2609 514 2667 semper
536 2590 582 2650 his
604 2590 740 2669 indigens
762 2589 938 2650 reficiendus
961 2593 1019 2666 ast,
1046 2594 1094 2666 nt,
1125 2591 1206 2668 quod

189 2681 262 2738 tunc
285 2698 370 2739 carne
394 2683 425 2739 at
446 2679 589 2758 sanguine
611 2681 710 2739 minus
731 2679 829 2750 habet,
853 2697 919 2738 esca
940 2682 971 2738 at
992 2682 1069 2756 potu
1085 2681 1204 2758 suppla-

189 2771 269 2831 atur.
319 2766 378 2828 Sec
410 2769 440 2827 in
472 2769 648 2829 mulieribus
680 2771 749 2845 post
780 2768 1062 2846 quinquagesimum
1095 2789 1206 2828 annum

188 2860 342 2916 menstrua
366 2857 507 2917 deficiunt
529 2859 658 2934 exceptis
680 2858 750 2934 illis,
779 2876 855 2935 quaa
877 2861 977 2916 tantas
1001 2858 1152 2934 sospitatis
1176 2864 1207 2919 at

148 2953 176 2998 3ο
189 2944 377 3005 fortitudinia
401 2950 484 3023 sunt,
508 2947 588 3023 qnod
612 2948 642 3006 in
667 2948 708 3006 ais
731 2949 884 3006 menstrua
905 2965 1001 3022 usqua
1024 2947 1063 3006 ad
1085 2951 1203 3024 septua-

188 3034 334 3112 gesimum
357 3055 470 3094 annum
491 3036 724 3113 protrahuntur,
754 3039 785 3096 st
807 3034 912 3095 dsinda
936 3036 1093 3113 sanguine,
1121 3038 1205 3097 volnt

187 3123 272 3199 priua
294 3124 375 3200 fecit,
400 3125 528 3202 amplius
551 3145 610 3185 non
632 3126 796 3202 profluente
820 3143 888 3184 caro
905 3143 1009 3184 aarum
1022 3125 1205 3186 incrassatur

187 3230 283 3288 usqua
306 3213 343 3273 ad
366 3215 621 3291 septuagesimum
644 3233 763 3291 annum,
787 3215 928 3291 quoniam
950 3217 1024 3274 tuna
1046 3233 1100 3291 par
1122 3233 1202 3276 men·

187 3305 272 3360 sarua
298 3321 356 3362 non
384 3306 567 3367 attenuatur.
612 3301 685 3362 Post
713 3303 966 3381 septuagesimum
994 3321 1065 3363 voro
1092 3323 1204 3364 annum

146 3399 174 3444 35
187 3409 255 3450 caro
289 3393 320 3450 at
354 3393 474 3470 sanguis
508 3393 539 3452 in
574 3393 615 3452 ais
648 3393 709 3451 iam
740 3392 889 3465 defluunt,
923 3396 955 3452 at
988 3393 1067 3452 cutis
1100 3411 1203 3452 aarum

187 3480 374 3540 contrahitur
397 3486 427 3541 et
449 3502 541 3560 rugae
564 3485 694 3560 surgunt
716 3500 750 3542 ac
773 3482 883 3542 debiles
902 3481 980 3540 fiunt
1001 3481 1067 3541 cibo
1082 3486 1112 3541 at
1127 3486 1203 3558 potu

186 3573 223 3628 ut
244 3587 321 3646 puer
343 3571 460 3648 saepius
482 3571 699 3644 refocillandas,
723 3571 795 3648 quia
818 3589 903 3630 carne
926 3573 957 3630 at
971 3569 1116 3648 sanguino
1129 3574 1202 3631 tuno
