2680 3938
214 113 255 172 35
600 103 848 160 snnselsurs

212 309 311 351 semen
334 291 434 349 eutem
456 289 514 350 viri
536 290 568 349 in
589 290 654 366 ipse
676 289 750 348 hora
771 291 874 349 tenue:
897 289 970 348 item
993 290 1103 350 femine
1124 311 1162 351 ex
1179 291 1254 354 hoc

213 380 345 440 nescitur
375 381 498 455 propter
529 379 713 439 debilitatem
744 378 871 440 seminis.
918 377 974 438 Sed
1002 380 1028 438 si
1050 399 1152 440 semen
1175 382 1252 442 viri

213 470 291 528 forte
314 471 370 543 est,
402 468 453 527 sed
475 471 575 528 temen
596 487 649 529 nec
672 469 719 528 vir
742 468 779 526 ed
801 468 958 527 mulierem
981 487 1036 528 neo
1058 469 1173 528 mulier
1202 473 1250 530 ad

212 559 313 618 virum
336 576 465 616 amorem
489 558 622 618 ueritatis
643 558 745 634 habet,
776 557 926 616 masculus
953 558 1022 616 inde
1045 561 1248 636 procreetur,

185 647 295 723 equod
317 648 417 706 temen
438 665 536 707 semen
557 647 634 707 forte
657 647 729 722 fuit,
760 646 812 705 sed
835 665 952 705 amenis
975 665 1010 707 ex
1032 649 1246 708 amaritudine

212 740 383 812 parentum3
416 737 464 796 vel
487 737 513 796 si
535 755 635 796 semen
657 735 715 796 viri
737 738 826 794 tenue
848 738 894 795 est
916 737 946 794 et
967 739 1074 796 neuter
1098 737 1136 796 ed
1160 737 1244 798 ulte-

212 844 280 884 rum
304 844 433 885 emerem
455 825 587 885 oeritetis
609 826 641 883 in
662 824 728 899 ipss
749 824 824 883 hora
845 827 940 900 tenet,
963 825 1074 884 femine
1095 827 1244 886 nescitur

213 934 328 974 amarae
344 915 563 990 complexionis,
590 913 678 974 Geloi·
693 915 794 973 sutem
809 914 978 986 mulierum,
994 933 1070 990 quse
1086 915 1242 992 pinguem

213 1008 352 1064 netmem
373 1003 495 1075 hebent,
528 1022 627 1063 semen
649 1003 707 1063 viri
729 1007 863 1079 superet,
897 1004 940 1062 ite
964 1003 1045 1079 quod
1068 1004 1165 1064 infans
1191 1023 1239 1064 se-

175 1094 345 1154 iocundum
368 1091 595 1152 similitudinem
617 1111 720 1151 earum
743 1092 916 1152 multotiens
931 1094 963 1150 in
977 1093 1053 1152 feoie
1070 1093 1237 1154 formatur.

213 1182 271 1242 Sed
292 1182 444 1252 mulieres,
475 1201 550 1257 quse
574 1200 684 1241 moeres
707 1181 738 1239 in
761 1185 870 1240 nature
892 1201 947 1241 sus
969 1185 1054 1257 sunt,
1085 1183 1238 1243 intentem

214 1272 251 1330 ed
273 1270 499 1330 similitudinem
521 1271 615 1346 petris
638 1271 669 1330 in
692 1270 767 1330 fsoie
789 1270 962 1330 multotiens
985 1275 1139 1347 generent.

279 1360 324 1419 De
361 1360 595 1432 infirmitatibus.
656 1359 742 1430 Quod
788 1363 887 1420 eutem
931 1360 1054 1436 quidem
1097 1360 1235 1420 homines

213 1449 342 1508 diverses
365 1447 550 1508 infirmitates
573 1449 743 1526 patiuntur,
765 1449 822 1508 hoo
844 1449 881 1508 de
903 1450 1042 1526 flegmate
1066 1450 1120 1525 est,
1146 1451 1233 1525 quod

173 1543 200 1590 15
212 1538 244 1596 in
258 1537 330 1613 ipsis
344 1537 505 1601 habundet.
536 1537 567 1597 Si
587 1539 665 1597 enim
686 1538 775 1598 homo
798 1539 830 1597 in
850 1538 987 1614 perediso
1009 1539 1230 1616 permansisset,

212 1627 349 1703 flegmate
376 1627 407 1686 in
440 1645 563 1704 corpore
595 1645 649 1687 suo
673 1646 732 1686 non
754 1627 891 1704 heberet,
924 1628 1003 1686 unde
1032 1628 1128 1687 mults
1151 1629 1232 1687 mele

212 1717 391 1794 procedunt,
421 1717 472 1776 sed
502 1735 569 1777 earo
597 1717 660 1776 eius
691 1717 808 1794 integre
836 1719 913 1776 esset
940 1719 971 1776 et
993 1716 1103 1793 absque
1125 1717 1230 1777 livore.

213 1805 358 1877 Quoniam
382 1809 482 1865 eutem
504 1806 582 1866 malo
610 1806 756 1866 consensit
779 1809 809 1865 et
832 1806 945 1866 bonum
965 1806 1099 1882 reliquit,
1123 1806 1230 1866 similis

212 1896 309 1956 foetus
340 1899 386 1956 est
414 1898 519 1967 terrae,
552 1915 629 1972 quae
660 1896 691 1954 et
716 1895 808 1955 bones
837 1898 867 1954 et
882 1895 982 1976 'utiles
1014 1913 1048 1954 eo
1075 1895 1168 1954 meles
1201 1898 1231 1955 et

172 1985 332 2045 20inutiles
354 1985 459 2044 herbas
482 1985 592 2062 gignit,
624 1985 654 2044 et
676 2003 751 2060 quae
775 1985 881 2044 bonam
909 1988 940 2044 et
966 1985 1075 2042 melem
1097 1984 1228 2043 humidi·

212 2077 307 2134 tatem
329 2077 359 2133 et
381 2093 503 2134 suooum
524 2075 555 2133 in
578 2093 608 2134 se
630 2073 728 2134 hebet.
758 2072 833 2132 Nem
857 2074 893 2132 de
916 2077 1009 2150 gustu
1030 2073 1102 2132 meli
1125 2092 1228 2134 versus

213 2165 258 2221 est
288 2163 407 2240 sanguis
439 2161 570 2222 filiorum
592 2162 676 2222 Adae
705 2163 737 2221 in
763 2182 910 2223 venenum
937 2162 1068 2234 seminis,
1102 2162 1137 2220 de
1167 2181 1226 2242 quo

212 2251 268 2309 filii
289 2251 445 2311 hominum
466 2255 669 2327 procreentur.
713 2252 753 2312 Et
779 2252 846 2310 ideo
874 2270 941 2312 cero
971 2269 1082 2322 eorum,
1096 2251 1228 2310 ulcerato

213 2341 244 2400 et
274 2341 425 2417 perforata
460 2344 514 2402 est.
571 2340 652 2411 Ques
690 2340 790 2400 ulcere
823 2345 855 2400 et
890 2340 1039 2400 foramine
1078 2340 1226 2416 quandem

173 2435 201 2481 25
215 2433 418 2506 tempestatem
452 2433 483 2489 et
514 2429 715 2489 humectatem
746 2430 824 2488 fumi
850 2431 881 2488 in
907 2429 1078 2489 hominibus
1106 2429 1224 2506 faciunt,

213 2519 249 2578 de
277 2538 336 2596 quo
363 2519 504 2597 flegmate
531 2519 671 2579 oriuntur
698 2521 729 2578 et
756 2519 966 2596 coagulentur,
999 2538 1075 2594 quse
1099 2518 1224 2579 diversas

212 2607 397 2668 infirmitates
420 2607 593 2684 corporibus
616 2608 769 2668 hominum
791 2608 936 2669 inferunt.
970 2607 1051 2667 Hsee
1074 2607 1224 2683 deprimo

213 2699 291 2758 melo
307 2699 369 2770 illo,
394 2698 476 2774 quod
490 2698 579 2757 homo
595 2698 726 2774 primum
741 2698 861 2773 inoepit,
885 2699 952 2757 orta
976 2700 1055 2773 sunt,
1080 2697 1223 2774 quonism,
1327 2729 1328 2755 t

213 2787 238 2845 si
260 2786 357 2845 Adam
380 2787 411 2845 in
438 2787 575 2864 paradiso
598 2786 818 2862 permansisset,
843 2786 1042 2846 dulcissimam
1072 2786 1223 2845 sanitatem
1326 2797 1328 2842 ς

172 2880 201 2926 ³⁰
215 2875 344 2951 optimus
375 2876 535 2936 mensionis
556 2876 690 2947 heberet,
723 2877 806 2935 velut
836 2875 1033 2936 fortissimum
1062 2875 1222 2934 belsmmm
1326 2881 1327 2966 p

214 2965 362 3040 optimum
384 2965 506 3024 odorem
528 2965 652 3038 emittit;
679 2963 730 3024 sed
756 2967 899 3024 econtra
924 2983 1004 3024 nune
1025 2964 1115 3024 homo
1139 2963 1221 3025 hebet
1327 2993 1328 3012 κ

213 3053 245 3114 in
267 3072 297 3112 se
320 3073 464 3115 venenum
487 3058 517 3114 et
538 3054 646 3132 flegma
669 3073 702 3114 eo
725 3053 855 3115 diverses
876 3053 1074 3114 infirmitates.

280 3143 326 3203 De
348 3145 540 3207 coutinentia.
585 3143 643 3203 Sed
666 3142 788 3219 quidem
809 3142 942 3202 homines
965 3146 1048 3219 sunt,
1082 3142 1135 3218 qui
1163 3161 1221 3202 eon·

214 3231 342 3292 tinentes
365 3239 443 3309 sunt,
465 3233 491 3292 si
513 3233 628 3305 volunt,
651 3233 677 3292 si
699 3235 800 3291 eutem
823 3233 1005 3292 eontinentes
1029 3250 1091 3291 esse
1112 3232 1218 3308 nolunt,

172 3323 349 3396 soporantes
376 3323 504 3382 suntin
526 3322 680 3382 voluntate
702 3340 764 3384 sus.
809 3321 850 3380 llt
872 3322 955 3382 everi
977 3324 1048 3381 sunt
1075 3323 1105 3380 et
1132 3320 1215 3380 inabs-
1326 3339 1327 3360 ÷

212 3410 339 3471 tinentes
361 3411 393 3472 in
415 3411 595 3490 pinguedine
619 3411 762 3475 ciborum.
807 3409 893 3470 Unde
921 3411 1099 3486 coaguletur
1124 3411 1157 3468 in
1184 3411 1220 3470 eis
1326 3423 1327 3444 ¹

216 3500 418 3576 perieulosum
445 3503 476 3561 et
502 3519 680 3562 venenosum
711 3520 745 3561 eo
771 3500 900 3577 spissum
928 3503 959 3560 et
981 3499 1093 3558 siceum
1115 3499 1219 3576 flegma,
