2668 3924
347 165 490 222 CAUSAE
510 167 557 221 ΕΤ
575 167 696 225 GURAE
714 169 780 224 LIB.
799 169 846 223 IV.
1045 177 1107 235 209

92 373 158 411 ram
169 351 300 411 ciusdem
311 351 409 411 morbi
422 353 607 429 constringit,
619 371 774 428 quaecum
785 372 905 431 surgere
916 353 997 415 facit.
1022 352 1109 414 Calor

93 460 214 519 quoque
236 439 299 500 vini
322 459 391 499 eum
413 441 509 516 magis
533 460 624 517 quam
647 461 724 518 aqua
746 442 835 513 sedat,
859 446 890 502 et
916 443 988 502 haec
1011 444 1109 502 omnia

94 531 216 590 insimul
227 533 443 604 temperatam
455 531 641 605 praedictum
653 533 704 606 ast,
712 531 848 590 morbum
860 533 953 591 istum
962 533 1109 595 minuunt.

162 620 209 679 De
231 619 331 678 colica.
381 613 523 696 ¹)Homo‚
548 639 637 695 quem
659 621 725 678 cleb
748 621 863 696 fatigat,
886 621 1036 681 modicum
1052 622 1109 680 zin-

93 708 186 767 ziberi
218 711 248 766 et
276 707 443 782 plurimum
466 709 622 767 einamomi
644 709 770 785 accipiat
792 712 822 768 at
843 710 915 770 haec
936 710 1137 786 pulverizete

92 798 207 856 Deinde
239 797 328 856 tollat
359 797 467 856 salviae
496 799 595 857 minus
625 818 715 875 quam
746 798 882 858 zinziberi
917 803 948 858 et
988 799 1110 858 feniculi

92 888 163 962 plus
187 905 277 962 quem
300 886 407 945 salviae
431 888 461 944 et
487 887 615 947 tanaceti
641 888 739 946 minus
767 907 857 963 quam
884 888 992 948 salviae
1019 891 1109 964 atque

94 978 166 1034 haec
195 976 226 1033 in
257 975 401 1034 mortario
435 975 472 1033 ad
494 994 615 1036 succum
637 979 717 1036 terat
739 995 771 1035 ao
793 996 847 1052 per
867 996 999 1052 pannum
1022 977 1107 1036 colet.

92 1063 206 1123 Deinde
227 1064 286 1122 mel
308 1065 340 1122 in
362 1065 430 1124 vino
453 1065 567 1124 modice
590 1068 699 1142 coquat
714 1069 744 1124 et
759 1066 908 1141 siparum
924 1067 984 1126 albi
999 1066 1109 1142 piperis

92 1153 191 1227 addat,
221 1153 269 1212 vel
298 1153 323 1211 ai
350 1153 428 1212 illud
455 1173 514 1212 non
540 1153 686 1229 habuerit,
717 1174 824 1231 parum
856 1156 892 1215 de
915 1155 1056 1215 nimmolo
1079 1157 1110 1213 et
1124 1169 1150 1214 lc

92 1242 282 1318 praedictum
317 1243 471 1316 pulverem
507 1262 540 1302 ac
577 1243 762 1318 praedictum
799 1244 943 1303 immittat
980 1263 1108 1304 succum.

92 1331 200 1390 Postea
231 1332 394 1390 merlinsen
426 1336 525 1391 sumat
555 1335 585 1391 et
616 1332 814 1392 tormentillae
845 1333 891 1392 bis
920 1337 1039 1393 tantum
1073 1336 1110 1392 ut

92 1421 256 1480 merlinsen
279 1422 310 1478 et
331 1420 439 1497 sinape,
464 1421 544 1497 quod
558 1422 589 1481 in
605 1440 707 1497 campo
723 1423 834 1498 crescit,
855 1423 957 1483 eodem
972 1423 1109 1499 pondera,

93 1516 129 1568 ut
150 1509 336 1569 tormentilla
358 1510 520 1584 ponderata
542 1513 594 1586 est,
618 1513 707 1586 atque
729 1510 852 1570 herbam
874 1511 965 1588 illam,
996 1513 1028 1571 in
1051 1531 1110 1588 qua

92 1597 308 1658 minutissimae
330 1597 514 1676 filiantropos
537 1603 679 1676 crescunt,
702 1600 808 1672 minos,
832 1618 922 1677 quam
943 1603 1109 1662 merlinsen
1124 1614 1149 1658 15

93 1688 141 1763 sit,
165 1692 195 1747 et
217 1686 290 1747 baec
310 1688 341 1746 in
365 1689 508 1748 mortario
531 1688 567 1747 ad
584 1707 705 1748 succum
719 1692 798 1748 terat
818 1692 848 1748 et
870 1690 975 1748 tritam
997 1691 1028 1749 in
1050 1708 1109 1748 sac·

91 1777 200 1836 cellum
227 1780 320 1852 ponat
349 1781 439 1854 atque
469 1779 638 1854 praefatum
666 1779 813 1837 mellitum
841 1781 871 1837 et
893 1779 1109 1853 pulverizatum

20 1887 21 1890 ¹
91 1868 196 1924 vinum
218 1866 467 1942 superfundat[ur
491 1871 533 1942 et]
558 1886 592 1926 ex
614 1867 670 1927 hoo
692 1867 777 1927 velut
799 1868 969 1926 lntndranc
991 1868 1109 1930 faciens.

20 1957 21 2030 3
92 1954 152 2025 Qui
175 1958 275 2014 autem
290 1955 475 2030 praedictum
490 1957 622 2016 dolorem
636 1957 760 2032 patitur,
783 1959 889 2031 potum
904 1956 1004 2031 istum,
1020 1975 1109 2033 quan·

20 2045 21 2120 1
92 2050 159 2102 tum
181 2062 242 2102 uno
265 2043 360 2103 halitu
383 2045 483 2105 bibere
505 2049 611 2121 potest,
634 2045 752 2104 ieiunus
773 2044 855 2104 bibat
870 2048 900 2104 et
915 2045 1006 2104 simili
1020 2045 1108 2104 modo
1122 2057 1150 2104 ac

93 2133 130 2192 ad
152 2135 279 2202 noctem,
303 2151 371 2192 cum
395 2153 425 2194 se
448 2135 480 2193 in
502 2135 613 2194 lectum
627 2135 754 2211 reponit,
780 2138 810 2194 et
824 2135 880 2193 hoc
895 2135 991 2209 faciat,
1014 2153 1110 2210 usque

20 2217 21 2303 ζ
93 2222 168 2281 dum
190 2223 319 2283 sanetur.
365 2221 440 2282 Nam
461 2224 527 2283 oieb
550 2225 580 2282 et
602 2223 638 2282 de
661 2223 763 2282 calidis
786 2227 816 2282 et
839 2224 874 2282 de
890 2223 1009 2300 frigidis
1025 2223 1110 2283 malis

20 2317 21 2376 l
95 2311 272 2371 humoribus
295 2313 434 2388 nascitur,
457 2313 508 2372 scd
530 2315 630 2372 tamen
652 2313 748 2390 magis
771 2313 807 2372 de
829 2313 948 2390 frigidis
968 2331 1059 2389 quam
1074 2312 1109 2371 de

20 2415 21 2436 ¹
95 2399 199 2459 calidis
222 2400 397 2460 humoribus
421 2403 472 2460 est.
517 2400 602 2460 Unde
618 2402 699 2461 calor
721 2403 878 2462 einamomi
900 2405 931 2460 et
953 2402 1032 2460 calor
1053 2403 1108 2461 sal·

94 2489 160 2548 viae
191 2491 222 2546 et
253 2489 335 2548 calor
356 2490 478 2550 feniculi
501 2494 531 2550 et
553 2491 634 2550 calor
655 2491 782 2550 tanaceti
805 2495 834 2550 et
856 2492 936 2550 calor
957 2491 1053 2550 mellis
1076 2509 1109 2550 ac
1122 2502 1150 2548 2⁵

94 2579 175 2638 calor
196 2578 260 2638 vini
284 2581 314 2637 ct
336 2580 416 2639 calor
438 2579 497 2638 albi
519 2579 629 2655 piperis
651 2581 699 2640 vel
721 2581 800 2639 calor
821 2579 955 2638 nimmoli
978 2582 1008 2638 at
1030 2579 1109 2639 calor

94 2667 205 2743 sinapis
228 2668 325 2744 campi
348 2673 378 2727 et
392 2669 473 2728 calor
486 2669 671 2745 filiantropos
686 2688 755 2728 cum
769 2667 933 2744 frigiditate
947 2669 1109 2730 nmrlc'nscn

93 2759 124 2814 et
140 2755 306 2832 frigiditate
321 2758 519 2817 tormentillae
533 2758 690 2834 temperati
704 2758 814 2817 iniuste
829 2757 939 2816 calidos
955 2762 985 2819 et
999 2757 1109 2816 iniuste

92 2844 220 2922 frigidos
243 2845 389 2918 humores
421 2848 456 2906 de
480 2845 588 2923 quibus
610 2846 676 2908 ciclo
698 2847 837 2923 nascitur,
863 2847 1010 2922 minuunt,
1041 2865 1109 2906 cum

92 2934 277 3009 praedictum
301 2936 444 3010 poculum
466 2936 555 2995 homo
576 2937 683 3012 sumit,
715 2937 827 2996 scilicet
847 2936 965 2996 ieiunus
988 2939 1018 2996 et
1040 2947 1149 2996 cumeo

93 3023 257 3083 dormitum
279 3024 375 3095 vadit,
404 3025 545 3100 quatinus
571 3025 670 3084 ieiuno
699 3025 815 3084 eosdem
841 3025 980 3085 humores
1008 3044 1107 3085 cxsur-

94 3132 162 3188 gere
185 3115 267 3172 vetet
289 3117 320 3172 et
342 3132 448 3189 pranso
480 3115 573 3172 malos
604 3115 743 3174 humores
773 3115 906 3174 ciborum
937 3118 1109 3190 compescat

159 3202 205 3261 Dc
227 3203 390 3265 lumbricis.
422 3195 449 3281 2)
459 3201 490 3261 Si
513 3203 549 3262 de
572 3204 666 3262 noxiis
689 3206 719 3262 et
740 3204 826 3262 malis
849 3204 1033 3278 humoribus,
1057 3204 1108 3280 qui

94 3290 125 3348 in
147 3290 265 3350 homine
288 3294 426 3352 venenosi
449 3294 531 3367 sunt,
556 3311 669 3352 vermes
691 3294 723 3351 in
746 3293 844 3368 aliquo
867 3293 985 3352 homine
1012 3311 1106 3352 exore-

167 3497 187 3564 1)
215 3517 241 3553 v.
261 3498 350 3552 4-22
374 3519 407 3546 =
426 3497 523 3581 Migna
547 3497 616 3552 1136
641 3497 773 3552 1)-1137
793 3497 829 3562 Α;
854 3515 880 3551 v.
900 3515 965 3567 pag.
990 3497 1049 3551 197.
1072 3529 1106 3538 -

95 3565 117 3636 ²)
136 3587 160 3622 v.
179 3569 278 3639 33-p.
298 3570 372 3636 clos
393 3591 424 3618 =
446 3569 541 3640 Magne
560 3569 629 3623 1169
649 3569 687 3633 Α;
706 3587 730 3624 v.
749 3585 814 3638 pag.
833 3568 893 3621 211.

148 3665 307 3720 Hildagardia
324 3677 412 3710 causae
425 3667 450 3709 et
464 3677 536 3710 curae
550 3664 586 3708 ed.
601 3664 717 3709 Kaisar.
951 3655 985 3709 14
