2662 3932
207 143 248 200 98
592 133 837 189 HILDEGARDIS

204 318 344 390 homiues,
379 319 432 395 qui
463 319 494 377 in
528 316 711 378 decrescente
740 319 812 377 luna
840 320 870 377 et
891 318 923 376 in
944 318 1066 380 turbiue
1090 315 1239 380 diversae

204 427 294 467 aurae
308 407 526 485 eonoipiuntur.
568 407 608 466 Et
623 426 658 466 ex
672 406 718 465 his
742 407 863 483 qnidam
886 425 1005 483 semper
1026 409 1128 468 tristes
1157 414 1239 468 sunt

204 499 234 557 et
256 496 386 556 diversos
409 515 504 557 mores
526 495 643 556 habent.
688 495 815 572 Propter
828 497 984 555 tristitiam
1000 500 1108 572 autem,
1133 519 1238 575 quem

202 585 320 657 habent,
352 586 434 645 ieeur
461 604 564 645 eornm
591 585 760 644 infirmatur
782 587 812 643 et
835 585 939 644 multis
961 588 992 644 et
1014 586 1238 646 minutissimis

175 674 398 734 sforaminibus
427 675 609 752 perforatur,
639 674 728 733 velut.
754 691 867 747 oaseus,
900 675 955 750 qui
985 676 1169 750 parvissima
1205 680 1238 737 et

202 765 298 823 multa
329 763 475 824 foramina
503 763 602 823 habet.
646 763 686 821 Et
707 762 775 822 ideo
802 781 855 822 neo
877 762 979 822 edaces
1001 783 1056 823 neo
1077 766 1167 824 avari
1195 767 1236 825 ad

202 853 415 914 comedendum
439 856 469 912 et
491 852 529 911 ad
551 852 712 911 bibendum
735 855 819 928 sunt,
846 851 897 911 sed
919 852 1071 911 modicum
1096 853 1235 914 mandu-
1294 911 1295 928 ,

201 945 270 1002 aaut
292 946 322 1002 et
336 942 454 1004 bibunt.
488 942 528 999 Et
544 940 684 1017 quoniam
699 939 849 1000 modicum
864 940 1043 1000 manducant
1057 945 1088 1001 et
1103 942 1232 1018 bibunt,
1294 933 1295 962 r

201 1031 285 1092 ieeur
307 1050 411 1090 eorum
436 1029 600 1089 marcidum
623 1029 681 1088 erit
703 1029 786 1088 velut
809 1029 951 1090 holmelde
973 1034 1003 1089 et
1026 1030 1136 1094 deficit.

162 1132 188 1176 10
267 1122 315 1180 De
346 1121 440 1193 epatis
470 1119 598 1179 vasculo,
647 1117 703 1177 Sed
730 1119 813 1178 ieeur
842 1122 888 1177 est
918 1119 949 1177 in
981 1119 1101 1179 homine
1133 1123 1231 1198 quasi

199 1209 367 1279 vasculum,
394 1208 426 1267 in
449 1207 529 1284 quod
552 1227 603 1268 eor
626 1212 655 1267 et
677 1208 781 1284 pulmo
804 1211 894 1284 atque
920 1209 1090 1268 stomaohus
1118 1229 1232 1271 suedos

199 1316 268 1357 suos
284 1297 447 1372 effundunt,
464 1315 538 1373 quos
550 1297 625 1355 illud
641 1297 753 1356 iterum
767 1296 799 1355 in
814 1297 912 1356 omnia
927 1297 1059 1356 membra
1075 1300 1227 1375 refundit,
1294 1337 1295 1342 κ

198 1387 283 1447 velut
304 1403 357 1446 vas
379 1386 503 1461 aliquod
525 1386 608 1444 iuxta
637 1387 749 1446 fontem
776 1385 922 1462 positum,
945 1387 1027 1463 quod
1047 1407 1159 1464 aquam
1188 1390 1229 1448 de

199 1476 281 1534 fonte
308 1477 458 1550 aooeptam
484 1475 594 1534 iterum
623 1476 655 1534 in
685 1476 743 1533 alia
771 1475 836 1534 looe
868 1475 1017 1537 diffundit.
1063 1475 1121 1536 Sed
1144 1497 1222 1538 oum

157 1575 184 1620 15
197 1565 280 1624 ieeur
309 1565 496 1640 perforatum
527 1567 572 1624 est
601 1567 631 1623 et
662 1563 842 1638 marcidum,
880 1567 916 1623 ut
945 1563 1133 1640 praedictum
1163 1571 1224 1642 est,

197 1654 289 1713 bonos
311 1671 412 1713 suooos
440 1674 457 1711 a
485 1654 573 1713 eorde
602 1657 633 1712 et
666 1674 684 1711 a
715 1654 856 1729 pulmone
887 1655 978 1729 atque
1013 1675 1030 1712 a
1064 1656 1223 1716 stomacho

196 1743 327 1819 recipere
348 1762 408 1802 non
429 1745 536 1818 potest,
559 1745 589 1802 et
611 1743 654 1802 ita
676 1743 757 1802 suooi
779 1745 809 1801 et
831 1743 968 1802 humores
990 1743 1038 1800 illi
1061 1743 1098 1802 ad
1121 1762 1174 1804 eor
1190 1749 1224 1805 at

197 1833 234 1892 ad
256 1833 428 1908 pulmonem
451 1834 481 1890 et
503 1832 541 1890 ad
563 1831 749 1891 stomachum
770 1834 949 1891 revertentes
964 1832 1049 1891 velut
1064 1833 1220 1908 quandam

196 1921 420 1981 inundationem
441 1921 563 1981 faciunt.
609 1921 648 1979 Fit
678 1921 703 1979 si
734 1920 891 1980 infirmitas
916 1920 988 1980 haee
1017 1921 1049 1980 in
1077 1923 1219 1998 quolibet

124 2006 127 2012 ’
155 2020 184 2066 20
199 2010 317 2070 homine
339 2010 506 2086 increverit,
530 2010 583 2069 diu
604 2010 704 2069 vivere
726 2028 785 2069 non
807 2012 913 2085 potest.

263 2100 310 2158 De
333 2103 480 2172 concepto,
505 2099 577 2158 dom
598 2100 642 2158 sol
664 2103 707 2158 est
727 2101 762 2158 ia
785 2115 901 2161 moero.
938 2097 995 2158 Sed
1011 2099 1062 2158 elii
1078 2099 1215 2160 homines

196 2190 275 2260 sunt,
298 2188 351 2264 qui
374 2188 590 2263 concipiuntur,
613 2207 682 2246 oum
705 2188 748 2247 sol
771 2188 802 2246 in
825 2206 930 2248 canoro
953 2191 997 2246 est
1019 2191 1050 2247 et
1073 2207 1143 2248 oum
1164 2191 1213 2250 sol

196 2278 256 2336 iam
286 2276 501 2353 plenitudinem
531 2295 616 2336 suam
646 2277 755 2336 habens
782 2277 954 2352 temperiem
977 2277 1052 2336 aeris
1074 2277 1108 2336 in
1129 2283 1215 2338 reeta

197 2365 341 2443 qualitate
363 2368 519 2442 temperat,
543 2368 573 2424 et
594 2365 627 2424 hi
650 2365 713 2424 sani
735 2366 857 2425 suntin
880 2366 985 2428 ieoore.

154 2451 182 2510 25
262 2455 308 2515 De
329 2455 427 2515 cordis
450 2455 556 2515 dolore.
590 2455 630 2513 nt
654 2454 794 2531 quoniam
815 2455 847 2513 in
867 2455 962 2514 ieoore
978 2456 1041 2514 sani
1057 2460 1135 2531 sunt,
1160 2457 1214 2515 ali·

196 2545 314 2622 quando
338 2544 486 2604 defectum
509 2544 541 2603 in
564 2543 649 2604 eorde
672 2544 818 2619 sentiunt,
848 2545 919 2621 quia
941 2545 1013 2602 meli
1035 2544 1174 2606 humores
1198 2567 1217 2605 a

195 2634 291 2693 iecore
314 2634 462 2710 fugientes
486 2631 523 2692 ed
544 2633 627 2710 splen
656 2637 686 2693 et
713 2633 750 2692 ad
777 2651 829 2692 oor
855 2633 982 2693 tendunt
1009 2637 1040 2692 et
1065 2634 1119 2692 illa
1142 2635 1214 2694 fati·

195 2725 280 2799 gant,
309 2723 450 2799 quoniam
476 2723 559 2782 ieeur
577 2741 718 2798 superare
737 2742 794 2782 non
818 2723 927 2781 valent.
965 2721 1099 2799 Cumque
1120 2723 1211 2784 homo

195 2810 288 2870 cruda
309 2829 398 2887 poma
419 2812 467 2870 vel
490 2811 581 2870 cruda
598 2811 662 2887 pira
677 2829 728 2870 seu
744 2811 835 2871 cruda
850 2812 929 2871 olera
944 2829 996 2870 seu
1011 2812 1085 2871 alios
1100 2812 1212 2872 crudos

154 2910 182 2954 so
194 2900 274 2959 eibos
296 2901 466 2976 sumpserit,
498 2901 551 2976 qui
572 2920 626 2960 neo
652 2919 706 2977 per
731 2901 831 2977 ignem
852 2919 905 2962 neo
927 2920 981 2976 per
1003 2900 1085 2960 aliud
1109 2902 1209 2978 quod·

193 3007 320 3065 eumque
348 2989 567 3048 condimentum
593 2990 751 3066 temperati
782 2992 863 3058 sunt,
897 2989 929 3048 in
956 2989 1107 3050 stomaoho
1143 2990 1209 3050 eius

195 3078 318 3154 exooqui
340 3078 427 3138 facile
449 3097 509 3138 non
531 3082 664 3155 possunt,
687 3079 760 3156 quia
778 3079 863 3154 prius
884 3079 1042 3154 temperati
1057 3098 1116 3139 non
1130 3084 1210 3141 sunt.

260 3167 306 3228 Da
331 3169 445 3241 splenis
474 3168 581 3230 doloro.
634 3168 674 3227 Et
704 3168 745 3227 sio
776 3168 848 3229 mali
877 3167 1016 3227 humores
1045 3168 1210 3228 eorundem

195 3255 337 3332 ciborum,
358 3257 412 3334 qui
425 3276 479 3333 per
493 3257 593 3334 ignem
609 3275 730 3332 suuper
746 3256 827 3316 aliud
843 3257 965 3334 aliquod
981 3257 1211 3333 condimentum,

153 3353 181 3399 35
194 3345 307 3406 scilieet
329 3354 382 3406 aut
409 3347 477 3406 selis
504 3349 557 3406 aut
583 3346 666 3422 aoeti,
688 3346 849 3422 temperari
872 3350 902 3405 et
924 3347 1024 3423 fugari
1046 3346 1212 3406 debuerant

194 3437 224 3493 et
253 3435 410 3511 temperati
442 3439 472 3495 et
499 3436 599 3514 fugati
625 3455 683 3495 non
711 3439 793 3511 sunt,
824 3435 862 3494 ad
884 3440 968 3511 splen
991 3436 1154 3494 ascendunt
1177 3440 1209 3494 et

192 3523 271 3583 illud
299 3524 330 3584 in
360 3527 509 3586 tumorem
536 3528 565 3585 et
596 3524 727 3584 dolorem
754 3527 885 3587 vertunt.
930 3522 1005 3583 Nam
1028 3525 1100 3600 quia
1124 3525 1208 3600 splen
