2668 3924
211 131 273 190 188
595 121 840 177 urnnncraors

209 328 324 368 amaros
347 309 428 368 cibos
452 305 594 381 comedat,
616 325 653 364 ne
676 307 701 364 ei
725 305 866 365 iniustam
890 305 1085 383 digestionem
1108 312 1226 382 parent,

208 399 259 457 sed
281 399 385 457 mollia
407 402 437 456 et
458 396 561 456 suavia
584 395 694 454 cibaria
715 394 836 454 interim
858 398 965 466 sumat,
994 397 1137 470 quatinus
1160 417 1226 456 earn

207 488 332 547 interius
355 490 465 561 sanent,
489 488 519 545 et
533 484 637 545 vinnm
661 502 695 543 ac
717 485 887 543 cerevisiam
911 483 1001 555 bibat,
1024 487 1166 559 quatinus
1189 507 1225 546 ax

208 577 254 636 his
276 577 320 636 ita
342 576 534 649 confortetur,
556 575 592 632 ut
613 573 786 650 sanguinem
809 574 935 632 retinere
958 574 1061 649 possit.

276 667 324 725 Dc
334 669 444 739 portas
460 664 641 736 diffioultote.
679 656 702 741 l)
709 661 765 720 Sed
789 665 819 720 et
842 663 868 721 si
890 681 1055 739 praegnans
1070 664 1180 723 mulier
1194 666 1226 723 in

208 757 298 828 partu
332 755 463 812 multum
486 753 614 826 laborat,
650 755 722 810 tunc
757 770 825 810 cum
859 752 967 810 timore
1005 755 1075 824 <et>
1114 773 1224 830 magno

208 844 406 902 moderamine
430 860 535 902 suaves
558 841 708 915 herbulae,
733 841 844 899 seilicet
866 840 1031 900 feniculum
1054 844 1084 900 et
1107 862 1227 902 asarum

208 933 238 991 in
262 953 339 1009 aqua
359 934 527 1008 coquantur
547 934 577 988 et
592 948 728 1005 expressa
743 949 820 1004 aqua
834 930 877 988 ita
892 930 1004 989 calidae
1019 931 1096 990 circa
1111 933 1227 991 femora

209 1027 238 1081 ct
261 1022 338 1080 circa
354 1023 475 1080 dorsum
491 1020 553 1078 eius
569 1023 720 1094 ponantur
743 1024 772 1076 et
794 1019 838 1077 ita
861 1018 987 1094 desuper
1007 1039 1104 1095 panno
1128 1021 1226 1098 ligato

169 1126 195 1170 10
208 1088 340 1170 astrifer
354 1113 519 1182 teneantur,
543 1111 579 1166 ut
595 1108 678 1166 dolor
699 1112 728 1166 et
750 1109 882 1166 claustra
904 1109 985 1167 illius
1000 1112 1083 1168 tanto
1103 1111 1227 1170 suavius

208 1204 239 1258 et
261 1201 378 1259 facilius
401 1200 564 1258 solvantur.
609 1195 685 1254 Nam
711 1197 783 1255 mali
805 1198 836 1255 et
856 1197 961 1273 frigidi
983 1197 1137 1274 humores,
1172 1202 1228 1277 qui

207 1290 238 1346 in
261 1290 371 1347 femina
393 1290 470 1358 sunt,
494 1305 557 1345 eam
581 1289 788 1363 praegnantem
805 1286 955 1345 interdum
971 1288 1182 1365 constringunt
1195 1294 1228 1348 et

208 1379 364 1452 claudunt,
395 1377 446 1436 sed
476 1394 543 1434 cum
574 1375 673 1434 suavis
704 1376 783 1433 calor
809 1375 932 1434 feniculi
960 1380 990 1434 et
1017 1377 1116 1436 suavis
1144 1379 1227 1437 calor

209 1468 284 1524 aseri
306 1469 338 1525 in
360 1466 506 1525 suavitate
529 1484 622 1541 aquae
645 1464 682 1522 ad
704 1465 804 1540 ignem
827 1465 993 1523 excitantur
1016 1467 1109 1525 etita
1128 1468 1225 1526 femo-

168 1568 195 1612 15
208 1555 291 1614 ribus
314 1559 343 1614 et
366 1554 452 1613 dorso
475 1554 558 1612 illius
581 1555 859 1629 circumponuntur,
892 1556 1032 1630 quoniam
1059 1555 1091 1613 in
1114 1557 1226 1616 eisdem

165 1665 168 1673 ¹
207 1646 279 1704 locis
302 1646 370 1720 plns
393 1663 483 1720 quam
505 1643 536 1701 in
560 1644 625 1700 aliis
649 1642 887 1701 constrictionem
914 1645 1043 1719 patitur,
1075 1644 1113 1702 ad
1140 1649 1226 1722 'aper-

174 1807 177 1815 .
207 1736 318 1793 tionem
342 1733 442 1794 eadem
465 1731 598 1791 membra
618 1735 792 1807 provocant.

274 1825 321 1883 Dc
344 1823 455 1882 salicae
476 1826 503 1880 et
525 1823 722 1880 emanationis
739 1821 927 1894 purgatione.
969 1813 995 1902 ²)
1011 1821 1054 1880 Ut
1068 1825 1170 1881 autem
1186 1824 1223 1882 de

208 1913 300 1972 saliva
330 1916 360 1971 et
388 1912 423 1970 de
456 1911 638 1970 excreatione
668 1913 698 1969 et
728 1909 914 1968 emunctione
942 1909 1030 1969 homo
1063 1915 1221 1989 purgetur,

166 2012 193 2056 ro
208 2003 334 2077 accipiat
356 2000 552 2078 agrimoniam
576 2002 606 2058 et
629 2000 674 2057 bis
697 2001 815 2057 tantum
842 1999 1000 2076 fenigraeci
1028 2005 1059 2059 et
1085 2003 1116 2059 in
1144 2021 1222 2060 mor-

205 2092 282 2150 taric
305 2091 413 2149 tundat
436 2093 466 2148 et
489 2107 610 2148 succum
632 2107 732 2146 earum
757 2088 903 2163 exprimat
925 2091 955 2147 et
977 2089 1067 2148 etiam
1094 2093 1222 2152 111110111-

205 2180 308 2239 scobat
331 2179 439 2239 tundat
462 2182 492 2236 et
514 2196 634 2237 succum
662 2178 734 2251 eiua,
762 2181 908 2252 quantum
936 2179 1042 2238 obolus
1064 2180 1220 2256 ponderat,

206 2287 292 2328 succo
325 2268 505 2344 agrimoniae
537 2272 568 2325 et
596 2266 754 2342 fenigraeci
793 2265 892 2326 addat.
946 2266 1060 2326 Deinde
1095 2270 1223 2343 accipiat

205 2359 324 2416 tanturn
346 2357 382 2415 de
405 2357 539 2433 galanga,
563 2359 709 2430 quantum
731 2356 857 2413 istorum
885 2356 979 2415 trium
1006 2356 1078 2432 fuit,
1110 2363 1140 2416 et
1162 2362 1221 2418 sto·

163 2447 296 2518 aeraria,
332 2448 476 2522 quantum
507 2463 556 2503 sex
585 2446 700 2503 nummi
732 2444 912 2519 ponderant,
944 2450 974 2504 et
1001 2447 1151 2522 polipcdii
1182 2449 1221 2506 ad

205 2555 325 2612 pensam
354 2536 482 2594 ducrum
510 2553 699 2592 nummorum
722 2537 754 2594 et
780 2533 852 2594 haec
873 2533 904 2592 in
926 2536 1081 2608 pulverem
1103 2536 1223 2612 redigat

204 2644 238 2684 ac
260 2626 413 2701 pulverem
436 2624 529 2682 istum
550 2624 684 2699 praefato
709 2641 795 2682 sucao
820 2623 904 2698 quasi
927 2624 1111 2700 coagulando
1142 2643 1220 2684 com-

209 2715 321 2789 primat
352 2719 381 2773 et
412 2731 446 2770 ex
480 2731 513 2771 ec
545 2713 667 2786 pillulas
700 2713 737 2770 ad
767 2712 964 2787 quantitatem
997 2714 1083 2773 fabae
1116 2714 1217 2787 faciat3

204 2808 307 2878 postea
330 2803 366 2862 de
389 2801 533 2861 celidonia
555 2801 665 2859 maiore
687 2819 807 2860 succum
831 2802 976 2875 exprimat
1003 2807 1034 2862 et
1056 2802 1092 2861 de
1114 2804 1221 2864 eodem

163 2901 191 2946 30
205 2910 305 2965 succo,
329 2894 474 2967 qnantum
498 2893 606 2966 quarta
628 2909 697 2964 pars
724 2889 838 2948 nummi
870 2895 987 2966 pensat,
1016 2893 1159 2968 suscipiat
1186 2913 1222 2953 ac

205 2981 236 3039 in
259 2980 311 3039 illo
335 2981 474 3057 pillulam
496 2998 587 3036 unam
610 2978 866 3039 circumvolvendo
885 2977 1014 3056 intingat
1029 2985 1060 3040 et
1075 2981 1112 3039 ad
1127 2982 1221 3041 solem

204 3072 303 3145 ponat,
326 3073 363 3128 ut
385 3068 556 3132 exsiccetur.
601 3068 639 3126 Et
661 3069 702 3128 sic
725 3068 761 3127 de
784 3067 850 3126 aliis
872 3068 986 3143 pillulis
1010 3069 1101 3128 faciat
1115 3089 1220 3130 unam-

205 3158 407 3235 quamquain
439 3157 542 3216 eodem
573 3175 667 3232 succo,
698 3161 844 3234 qnantum
868 3161 975 3233 quarta
1005 3177 1074 3234 pars
1102 3162 1220 3218 nummi

203 3249 356 3324 ponderat,
379 3247 573 3323 intinguendo
597 3265 631 3306 ac
652 3247 696 3306 ita
719 3247 756 3304 ad
779 3247 906 3305 calorem
929 3247 998 3306 solia
1014 3266 1062 3308 eas
1081 3255 1221 3326 exponat,

162 3346 191 3391 ec
205 3356 264 3396 non
298 3341 396 3396 antem
428 3336 466 3394 ad
497 3336 598 3412 ignem
630 3337 780 3412 lignorum
812 3354 864 3394 nec
894 3335 932 3393 ad
959 3335 1059 3414 ignem
1081 3336 1220 3401 fornacis.

278 3490 298 3554 1)
310 3510 335 3545 v.
348 3453 434 3545 5Ϊ11
452 3513 483 3540 =
497 3489 593 3561 usgue
607 3490 674 3545 1157
689 3489 819 3544 o-rrsa
832 3490 864 3542 a.
882 3522 916 3529 -
933 3488 957 3560 2)
970 3510 994 3545 v.
1009 3491 1113 3562 ra-p.
1128 3492 1219 3555 raon

204 3583 236 3610 =
256 3561 352 3632 uim
372 3562 441 3617 1116
460 3561 549 3617 a-c.
