2680 3938
221 195 262 254 68
478 229 483 239 .
604 187 851 243 HILDEGARDlS

221 375 252 430 et
283 371 319 430 de
350 371 458 430 sudore
489 371 621 430 eiusdem
650 371 785 431 mulieris
813 372 845 429 in
877 391 908 430 se
935 371 1100 430 introrsum
1133 372 1261 438 trehit.

219 459 296 520 Nem
318 461 354 521 de
376 460 540 520 fortissime
561 461 592 520 vi
615 460 779 520 voluntatis
807 461 867 520 viri
894 460 1014 538 sanguis
1042 461 1107 520 eius
1138 461 1257 538 lique-

219 551 317 610 factus
340 549 453 608 diffluit
480 553 571 626 etque
598 553 635 608 ut
661 550 864 610 molendinum
891 549 1140 610 circumvolvitur
1170 555 1256 626 (et)

220 638 336 716 aliquid
358 639 394 698 de
417 658 522 715 spuma
546 641 576 697 et
599 639 637 711 de
657 638 765 698 sudore
787 639 921 698 mulieris
944 640 975 697 in
998 658 1028 698 se
1044 638 1182 716 suscipit,
1209 661 1255 700 ac

192 728 263 788 esic
285 746 352 787 cero
375 728 439 787 cius
463 729 499 786 de
521 729 647 788 muliere
669 728 823 800 miscetur,
855 728 899 786 ite
931 728 1011 804 quod
1043 747 1112 787 cum
1139 747 1178 786 ea
1214 735 1254 789 et

220 817 256 876 de
286 837 320 876 ee
351 836 419 876 coro
451 837 511 876 una
541 817 589 890 fit;
621 820 652 876 et
679 817 819 893 quoniam
846 817 894 876 vir
920 819 951 876 et
977 817 1086 876 mulier
1110 817 1151 876 sic
1178 838 1252 878 una

221 925 289 966 cero
318 909 400 982 sunt,
430 906 516 965 facile
544 906 654 964 mulier
681 906 717 964 de
734 903 847 964 'eodem
874 906 941 966 viro
972 906 1068 964 fetum
1096 907 1248 984 concipit,

220 995 264 1053 ite
290 999 402 1071 temen,
434 995 460 1054 si
487 995 613 1054 fecunde
644 994 682 1053 ed
709 995 806 1053 fetum
838 998 892 1055 est.
937 994 1023 1066 Quod
1056 998 1156 1054 eutem
1192 998 1250 1056 vir

219 1079 382 1151 et'mnlier
404 1102 465 1142 une
488 1103 554 1143 cero
578 1084 620 1143 sic
642 1084 719 1142 fiunt
741 1087 772 1142 et
799 1086 882 1154 sunt,
912 1084 969 1143 boc
995 1085 1028 1142 in
1054 1084 1148 1143 latere
1177 1086 1247 1144 viri

182 1183 209 1228 ιο
221 1173 369 1245 letitabat,
392 1173 446 1231 ubi
468 1173 577 1232 mulier
599 1173 635 1231 de
657 1173 750 1232 latere
773 1173 833 1232 viri
856 1176 975 1249 sumpto
994 1191 1061 1233 cero
1078 1173 1142 1232 eius
1156 1173 1245 1235 facta
1322 1195 1323 1254 3

220 1266 276 1337 eet,
305 1262 427 1322 acideo
450 1263 498 1321 vir
520 1265 551 1321 et
572 1262 682 1320 mulier
704 1265 788 1321 tento
812 1261 930 1321 saeuius
953 1262 990 1321 ed
1013 1263 1244 1338 conceptionem
1322 1279 1323 1314 l

220 1352 251 1409 in
279 1350 421 1428 sangnine
449 1355 480 1410 et
507 1351 613 1411 sudore
640 1370 694 1411 suo
722 1351 822 1410 sicin
849 1371 944 1408 unum
971 1351 1134 1414 confluunt.
1179 1351 1244 1412 Sed
1322 1341 1323 1344 ¹

219 1441 265 1500 vis
282 1440 477 1515 netemitntis,
499 1428 582 1516 quffi
590 1441 734 1500 infantem
749 1441 786 1499 de
801 1443 904 1498 ventre
919 1441 1110 1500 matrissuae
1125 1440 1242 1514 educit,
1322 1441 1323 1444 ’

220 1529 320 1588 virum
342 1532 373 1588 et
394 1529 536 1588 feminam
559 1529 601 1588 sic
623 1549 714 1588 unam
737 1548 855 1588 comem
877 1529 958 1590 facit.

181 1625 209 1672 15
289 1618 335 1678 Dc
365 1619 520 1679 adulterio.
568 1617 653 1689 Quod
676 1619 701 1677 si
723 1619 770 1678 vir
798 1621 829 1676 et
855 1618 964 1676 mulier
985 1618 1082 1678 iustae
1111 1619 1240 1695 copula·

219 1706 310 1767 tionis
333 1727 402 1766 suec
426 1708 513 1766 obliti
536 1707 575 1766 ed
594 1706 717 1766 alienam
734 1707 871 1782 copulem
888 1726 957 1766 cum
973 1707 1092 1766 ardente
1108 1707 1241 1768 libidine

219 1815 249 1855 se
271 1797 422 1868 verterint,
455 1797 499 1855 ito
522 1797 601 1872 quod
626 1797 738 1855 iniuste
761 1796 949 1872 copulatione
973 1796 1067 1856 alieno
1100 1815 1238 1856 eommu-

218 1885 325 1960 nicent,
348 1889 421 1945 tunc
435 1886 483 1946 vir
498 1885 672 1962 sanguinem
695 1904 792 1960 suum,
821 1886 875 1960 qui
898 1885 1019 1962 sanguis
1042 1889 1139 1944 rectae
1162 1905 1238 1946 uxo·

217 1975 258 2034 ris
281 1994 351 2036 suae
384 1978 435 2047 est,
468 1974 505 2033 ed
528 1975 651 2033 alienam
681 1973 836 2033 mulierem
859 1974 1021 2050 coniunxit,
1051 1975 1190 2034 similiter
1205 1980 1239 2034 et

177 2069 205 2117 πο
218 2065 326 2123 mulier
348 2064 521 2142 sanguinem
543 2083 644 2138 suum,
674 2064 727 2139 qui
754 2066 785 2122 et
812 2064 933 2140 sanguis
960 2064 1034 2123 recti
1062 2063 1164 2122 meriti
1188 2066 1238 2123 sui

218 2155 271 2228 est,
295 2154 389 2213 elienc
412 2153 477 2213 viro
500 2153 662 2228 copulavit.
701 2151 787 2211 Unde
807 2155 838 2211 et
860 2152 923 2228 filii,
947 2154 1000 2228 qui
1023 2153 1059 2211 de
1082 2153 1148 2212 istis
1170 2157 1236 2212 tem

217 2243 305 2301 iustis
333 2261 422 2318 quam
448 2242 568 2300 iniustis
590 2241 705 2300 maritis
728 2260 781 2301 seu
803 2244 866 2300 tam
888 2242 975 2300 iustis
999 2261 1088 2318 quem
1112 2242 1235 2302 iniustis

218 2330 362 2390 uxoribus
383 2333 487 2406 posteo
509 2333 681 2405 noscuntur,
704 2331 878 2389 multotiens
893 2331 1025 2390 infelices
1040 2333 1137 2406 erunt,
1161 2332 1235 2407 quia

219 2419 255 2479 de
278 2420 402 2480 diversis
424 2419 558 2479 moribus
581 2422 611 2478 ct
635 2419 670 2478 de
693 2419 808 2479 diverso
837 2420 994 2496 sanguine,
1026 2419 1138 2479 scilicet
1169 2424 1233 2496 tem

174 2517 202 2562 25
218 2510 353 2569 virorum
376 2528 466 2586 quem
488 2509 658 2584 mulierum,
681 2509 827 2585 originem
850 2509 1048 2584 conceptionis
1072 2527 1142 2568 suec
1165 2526 1233 2568 con·

217 2601 381 2660 trexemmt.
426 2599 466 2658 Et
493 2597 559 2657 ideo
582 2597 755 2656 huiusmodi
776 2600 913 2672 parentes
937 2598 1017 2675 apud
1039 2598 1129 2657 deum
1150 2617 1234 2674 prae·

217 2688 397 2747 varicatores
429 2690 526 2748 rectae
557 2686 757 2746 institutionis
788 2686 942 2762 dicuntur,
964 2689 1064 2763 'quem
1096 2687 1169 2746 deus
1202 2688 1233 2746 in

217 2777 315 2834 Adam
345 2779 375 2835 et
406 2776 437 2835 in
468 2777 562 2835 Evam
591 2776 756 2838 constituit.
801 2775 840 2834 Et
872 2775 950 2834 sicut
980 2777 1077 2834 Adam
1108 2778 1138 2834 et
1168 2775 1233 2836 Five

216 2868 409 2941 praeceptum
441 2865 488 2924 dei
518 2865 713 2941 praevenienti
745 2883 775 2924 se
807 2867 837 2923 et
869 2871 970 2924 omnes
997 2865 1074 2924 filios
1101 2883 1171 2925 suos
1200 2866 1233 2924 in

173 2962 203 3009 ³0
217 2957 343 3013 mortem
365 2953 567 3030 tradiderunt,
596 2954 639 3012 its
670 2958 700 3012 et
726 2953 790 3029 isti,
824 2954 877 3030 qui
904 2953 961 3014 hoe
987 2954 1075 3014 modo
1098 2954 1233 3014 divinem

216 3043 435 3101 institutionem
464 3042 675 3114 contaminant,
707 3061 737 3101 se
768 3043 848 3117 ipsos
881 3047 912 3102 et
933 3043 1015 3118 illos,
1048 3042 1101 3119 qui
1128 3043 1170 3102 sic
1193 3045 1231 3104 ab

216 3131 258 3190 eis
289 3133 463 3206 noscuntur,
494 3131 634 3208 polluunt
665 3135 696 3191 et
738 3132 811 3204 <int
858 3131 1062 3192 infelicitatem
1094 3132 1232 3206 mittunt,

218 3221 359 3296 quonium
381 3220 565 3280 rationalitas
588 3221 620 3279 in
642 3222 684 3280 eis
706 3221 823 3297 pollute
845 3224 890 3280 est
913 3225 942 3281 et
964 3221 1034 3298 quie
1048 3221 1080 3280 in
1095 3220 1231 3282 moribus

217 3310 278 3369 suis
301 3327 471 3369 communes
493 3310 651 3386 pecoribus
674 3329 705 3369 se
727 3311 871 3370 fecerunt.

173 3407 201 3454 s5
282 3400 327 3459 De
349 3401 461 3460 semine
482 3401 575 3462 tenui.
621 3398 708 3470 Quod
734 3399 759 3458 si
782 3400 871 3459 etiam
900 3399 1009 3457 mulier
1032 3398 1133 3474 alique
1164 3416 1230 3458 con·

217 3488 290 3564 cipit
311 3491 341 3548 et
363 3507 431 3548 mox
453 3489 546 3547 elium
567 3488 667 3549 virum
690 3490 727 3548 ed
749 3508 780 3549 se
802 3488 937 3548 accedere
964 3487 1126 3564 permittit,
1160 3505 1230 3547 cum

216 3576 312 3637 adbuc
340 3597 437 3637 semen
468 3578 546 3637 illud
572 3581 660 3638 tenue
687 3581 744 3653 est,
775 3580 849 3636 tunc
879 3575 1052 3635 multotiens
1080 3575 1172 3635 sudor
1199 3580 1229 3635 et
