<?xml version="1.0" encoding="UTF-8"?>
<!DOCTYPE html PUBLIC "-//W3C//DTD XHTML 1.0 Transitional//EN"
    "http://www.w3.org/TR/xhtml1/DTD/xhtml1-transitional.dtd">
<html xmlns="http://www.w3.org/1999/xhtml" xml:lang="en" lang="en">
 <head>
  <title>
</title>
<meta http-equiv="Content-Type" content="text/html;charset=utf-8" />
  <meta name='ocr-system' content='tesseract 3.04.00' />
  <meta name='ocr-capabilities' content='ocr_page ocr_carea ocr_par ocr_line ocrx_word'/>
</head>
<body>
  <div class='ocr_page' id='page_1' title='image "./hildegardiscaus00hildgoog_0049.png"; bbox 0 0 2680 3938; ppageno 0'>
   <div class='ocr_carea' id='block_1_1' title="bbox 228 137 859 207">
    <p class='ocr_par' dir='ltr' id='par_1_1' title="bbox 228 137 859 207">
     <span class='ocr_line' id='line_1_1' title="bbox 228 137 859 207; baseline 0.002 -14"><span class='ocrx_word' id='word_1_1' title='bbox 228 147 268 207; x_wconf 72' lang='lat'><strong>33</strong></span> <span class='ocrx_word' id='word_1_2' title='bbox 611 137 859 194; x_wconf 74' lang='lat' dir='ltr'><strong>mancoseos</strong></span> 
     </span>
    </p>
   </div>
   <div class='ocr_carea' id='block_1_2' title="bbox 180 323 1329 3610">
    <p class='ocr_par' dir='ltr' id='par_1_2' title="bbox 180 323 1329 3610">
     <span class='ocr_line' id='line_1_2' title="bbox 225 323 1262 399; baseline -0.003 -14"><span class='ocrx_word' id='word_1_3' title='bbox 225 326 307 385; x_wconf 86' lang='lat' dir='ltr'><strong>tibus</strong></span> <span class='ocrx_word' id='word_1_4' title='bbox 330 324 426 384; x_wconf 83' lang='lat' dir='ltr'><strong>oritur</strong></span> <span class='ocrx_word' id='word_1_5' title='bbox 448 326 479 383; x_wconf 89' lang='lat' dir='ltr'><strong>et</strong></span> <span class='ocrx_word' id='word_1_6' title='bbox 501 341 577 399; x_wconf 91' lang='lat' dir='ltr'><strong>quae</strong></span> <span class='ocrx_word' id='word_1_7' title='bbox 599 323 684 383; x_wconf 86' lang='lat' dir='ltr'><strong>velut</strong></span> <span class='ocrx_word' id='word_1_8' title='bbox 705 323 888 398; x_wconf 88' lang='lat' dir='ltr'><strong>periculosas</strong></span> <span class='ocrx_word' id='word_1_9' title='bbox 904 323 1028 399; x_wconf 73' lang='lat' dir='ltr'><strong>sagittas</strong></span> <span class='ocrx_word' id='word_1_10' title='bbox 1043 323 1075 381; x_wconf 90' lang='lat' dir='ltr'><strong>in</strong></span> <span class='ocrx_word' id='word_1_11' title='bbox 1097 339 1192 382; x_wconf 83' lang='lat' dir='ltr'><strong>venas</strong></span> <span class='ocrx_word' id='word_1_12' title='bbox 1224 327 1262 382; x_wconf 88' lang='lat' dir='ltr'><strong>et</strong></span> 
     </span>
     <span class='ocr_line' id='line_1_3' title="bbox 225 412 1256 488; baseline -0.001 -15"><span class='ocrx_word' id='word_1_13' title='bbox 225 413 370 473; x_wconf 73' lang='lat' dir='ltr'><strong>medullas</strong></span> <span class='ocrx_word' id='word_1_14' title='bbox 396 431 431 471; x_wconf 87' lang='lat' dir='ltr'><strong>ac</strong></span> <span class='ocrx_word' id='word_1_15' title='bbox 461 412 493 470; x_wconf 90' lang='lat' dir='ltr'><strong>iu</strong></span> <span class='ocrx_word' id='word_1_16' title='bbox 520 431 637 471; x_wconf 89' lang='lat' dir='ltr'><strong>earnem</strong></span> <span class='ocrx_word' id='word_1_17' title='bbox 665 431 767 472; x_wconf 91' lang='lat' dir='ltr'><strong>eorum</strong></span> <span class='ocrx_word' id='word_1_18' title='bbox 794 412 917 488; x_wconf 87' lang='lat' dir='ltr'><strong>emittit,</strong></span> <span class='ocrx_word' id='word_1_19' title='bbox 944 415 981 471; x_wconf 88' lang='lat' dir='ltr'><strong>ut</strong></span> <span class='ocrx_word' id='word_1_20' title='bbox 1006 413 1121 472; x_wconf 89' lang='lat' dir='ltr'><strong>fervens</strong></span> <span class='ocrx_word' id='word_1_21' title='bbox 1152 432 1256 488; x_wconf 80' lang='lat' dir='ltr'><strong>aqua,</strong></span> 
     </span>
     <span class='ocr_line' id='line_1_4' title="bbox 225 503 742 579; baseline 0.002 -18"><span class='ocrx_word' id='word_1_22' title='bbox 225 522 301 579; x_wconf 87' lang='lat' dir='ltr'><strong>quae</strong></span> <span class='ocrx_word' id='word_1_23' title='bbox 323 503 484 562; x_wconf 84' lang='lat' dir='ltr'><strong>ferventem</strong></span> <span class='ocrx_word' id='word_1_24' title='bbox 507 521 643 577; x_wconf 89' lang='lat' dir='ltr'><strong>spumam</strong></span> <span class='ocrx_word' id='word_1_25' title='bbox 666 503 742 562; x_wconf 85' lang='lat' dir='ltr'><strong>eicit</strong></span> 
     </span>
     <span class='ocr_line' id='line_1_5' title="bbox 293 588 1258 666; baseline -0.001 -16"><span class='ocrx_word' id='word_1_26' title='bbox 293 592 380 666; x_wconf 83' lang='lat' dir='ltr'><strong>(De)</strong></span> <span class='ocrx_word' id='word_1_27' title='bbox 403 592 585 666; x_wconf 77' lang='lat' dir='ltr'><strong>llepmclice&#39;s.</strong></span> <span class='ocrx_word' id='word_1_28' title='bbox 627 589 702 649; x_wconf 89' lang='lat' dir='ltr'><strong>Nam</strong></span> <span class='ocrx_word' id='word_1_29' title='bbox 725 610 793 651; x_wconf 92' lang='lat' dir='ltr'><strong>cum</strong></span> <span class='ocrx_word' id='word_1_30' title='bbox 816 591 847 649; x_wconf 95' lang='lat' dir='ltr'><strong>in</strong></span> <span class='ocrx_word' id='word_1_31' title='bbox 869 590 915 650; x_wconf 89' lang='lat' dir='ltr'><strong>his</strong></span> <span class='ocrx_word' id='word_1_32' title='bbox 938 588 1107 650; x_wconf 88' lang='lat' dir='ltr'><strong>hominibus</strong></span> <span class='ocrx_word' id='word_1_33' title='bbox 1131 589 1258 650; x_wconf 82' lang='lat' dir='ltr'><strong>diversi</strong></span> 
     </span>
     <span class='ocr_line' id='line_1_6' title="bbox 198 679 1257 758; baseline 0.004 -22"><span class='ocrx_word' id='word_1_34' title='bbox 198 681 364 740; x_wconf 74' lang='lat' dir='ltr'><strong>shumores</strong></span> <span class='ocrx_word' id='word_1_35' title='bbox 397 680 570 758; x_wconf 79' lang='lat' dir='ltr'><strong>flegmatum</strong></span> <span class='ocrx_word' id='word_1_36' title='bbox 601 681 776 751; x_wconf 76' lang='lat' dir='ltr'>excitantur,</span> <span class='ocrx_word' id='word_1_37' title='bbox 805 679 850 738; x_wconf 86' lang='lat' dir='ltr'><strong>ita</strong></span> <span class='ocrx_word' id='word_1_38' title='bbox 872 679 954 755; x_wconf 87' lang='lat' dir='ltr'><strong>quod</strong></span> <span class='ocrx_word' id='word_1_39' title='bbox 977 679 1079 738; x_wconf 84' lang='lat' dir='ltr'><strong>eadem</strong></span> <span class='ocrx_word' id='word_1_40' title='bbox 1101 679 1257 756; x_wconf 84' lang='lat' dir='ltr'><strong>flegmata</strong></span> 
     </span>
     <span class='ocr_line' id='line_1_7' title="bbox 225 768 1254 844; baseline -0.001 -14"><span class='ocrx_word' id='word_1_41' title='bbox 225 771 261 830; x_wconf 86' lang='lat' dir='ltr'><strong>de</strong></span> <span class='ocrx_word' id='word_1_42' title='bbox 283 770 476 830; x_wconf 81' lang='lat' dir='ltr'><strong>immoderato</strong></span> <span class='ocrx_word' id='word_1_43' title='bbox 509 770 573 829; x_wconf 91' lang='lat' dir='ltr'><strong>cibo</strong></span> <span class='ocrx_word' id='word_1_44' title='bbox 602 772 632 829; x_wconf 91' lang='lat' dir='ltr'><strong>et</strong></span> <span class='ocrx_word' id='word_1_45' title='bbox 660 770 735 844; x_wconf 91' lang='lat' dir='ltr'><strong>potu</strong></span> <span class='ocrx_word' id='word_1_46' title='bbox 764 786 798 827; x_wconf 89' lang='lat' dir='ltr'><strong>ac</strong></span> <span class='ocrx_word' id='word_1_47' title='bbox 826 768 861 827; x_wconf 87' lang='lat' dir='ltr'><strong>de</strong></span> <span class='ocrx_word' id='word_1_48' title='bbox 887 769 989 844; x_wconf 88' lang='lat' dir='ltr'><strong>inepta</strong></span> <span class='ocrx_word' id='word_1_49' title='bbox 1010 768 1139 844; x_wconf 84' lang='lat' dir='ltr'><strong>laetitia,</strong></span> <span class='ocrx_word' id='word_1_50' title='bbox 1174 770 1254 829; x_wconf 85' lang='lat' dir='ltr'><strong>tris·</strong></span> 
     </span>
     <span class='ocr_line' id='line_1_8' title="bbox 224 856 1252 920; baseline 0 -2"><span class='ocrx_word' id='word_1_51' title='bbox 224 859 293 918; x_wconf 87' lang='lat' dir='ltr'><strong>titia</strong></span> <span class='ocrx_word' id='word_1_52' title='bbox 315 861 345 919; x_wconf 88' lang='lat' dir='ltr'><strong>et</strong></span> <span class='ocrx_word' id='word_1_53' title='bbox 366 860 412 918; x_wconf 87' lang='lat' dir='ltr'><strong>ira</strong></span> <span class='ocrx_word' id='word_1_54' title='bbox 434 879 468 920; x_wconf 86' lang='lat' dir='ltr'><strong>aa</strong></span> <span class='ocrx_word' id='word_1_55' title='bbox 490 859 526 918; x_wconf 89' lang='lat' dir='ltr'><strong>de</strong></span> <span class='ocrx_word' id='word_1_56' title='bbox 548 858 744 917; x_wconf 81' lang='lat' dir='ltr'><strong>immoderata</strong></span> <span class='ocrx_word' id='word_1_57' title='bbox 757 856 880 917; x_wconf 76' lang='lat' dir='ltr'><strong>libidine</strong></span> <span class='ocrx_word' id='word_1_58' title='bbox 895 859 927 916; x_wconf 90' lang='lat' dir='ltr'><strong>iu</strong></span> <span class='ocrx_word' id='word_1_59' title='bbox 942 857 1053 917; x_wconf 85' lang='lat' dir='ltr'><strong>eisdem</strong></span> <span class='ocrx_word' id='word_1_60' title='bbox 1068 857 1252 918; x_wconf 87' lang='lat' dir='ltr'><strong>homiuibus</strong></span> 
     </span>
     <span class='ocr_line' id='line_1_9' title="bbox 225 947 1252 1025; baseline -0.001 -16"><span class='ocrx_word' id='word_1_61' title='bbox 225 949 449 1025; x_wconf 86' lang='lat' dir='ltr'><strong>concutiuntur,</strong></span> <span class='ocrx_word' id='word_1_62' title='bbox 475 951 548 1008; x_wconf 93' lang='lat' dir='ltr'><strong>tunc</strong></span> <span class='ocrx_word' id='word_1_63' title='bbox 570 947 732 1020; x_wconf 88' lang='lat' dir='ltr'><strong>ebulliunt,</strong></span> <span class='ocrx_word' id='word_1_64' title='bbox 757 948 842 1023; x_wconf 83' lang='lat' dir='ltr'><strong>quasi</strong></span> <span class='ocrx_word' id='word_1_65' title='bbox 865 966 943 1023; x_wconf 90' lang='lat' dir='ltr'><strong>aqua</strong></span> <span class='ocrx_word' id='word_1_66' title='bbox 964 947 996 1005; x_wconf 89' lang='lat' dir='ltr'><strong>in</strong></span> <span class='ocrx_word' id='word_1_67' title='bbox 1019 947 1148 1006; x_wconf 87' lang='lat' dir='ltr'><strong>caldario</strong></span> <span class='ocrx_word' id='word_1_68' title='bbox 1172 948 1252 1024; x_wconf 89' lang='lat' dir='ltr'><strong>igne</strong></span> 
     </span>
     <span class='ocr_line' id='line_1_10' title="bbox 224 1037 1251 1114; baseline -0.002 -16"><span class='ocrx_word' id='word_1_69' title='bbox 224 1039 392 1114; x_wconf 85' lang='lat' dir='ltr'><strong>supposito,</strong></span> <span class='ocrx_word' id='word_1_70' title='bbox 420 1041 451 1097; x_wconf 92' lang='lat' dir='ltr'><strong>et</strong></span> <span class='ocrx_word' id='word_1_71' title='bbox 477 1037 619 1096; x_wconf 84' lang='lat' dir='ltr'><strong>emittunt</strong></span> <span class='ocrx_word' id='word_1_72' title='bbox 640 1037 725 1097; x_wconf 86' lang='lat' dir='ltr'><strong>velut</strong></span> <span class='ocrx_word' id='word_1_73' title='bbox 750 1037 860 1113; x_wconf 84' lang='lat' dir='ltr'><strong>ignitas</strong></span> <span class='ocrx_word' id='word_1_74' title='bbox 883 1038 984 1113; x_wconf 84' lang='lat' dir='ltr'><strong>guttas</strong></span> <span class='ocrx_word' id='word_1_75' title='bbox 1014 1038 1044 1095; x_wconf 88' lang='lat' dir='ltr'><strong>et</strong></span> <span class='ocrx_word' id='word_1_76' title='bbox 1066 1055 1114 1095; x_wconf 87' lang='lat' dir='ltr'><strong>eas</strong></span> <span class='ocrx_word' id='word_1_77' title='bbox 1137 1039 1176 1096; x_wconf 91' lang='lat' dir='ltr'><strong>ut</strong></span> <span class='ocrx_word' id='word_1_78' title='bbox 1199 1055 1251 1096; x_wconf 92' lang='lat' dir='ltr'><strong>sa-</strong></span> 
     </span>
     <span class='ocr_line' id='line_1_11' title="bbox 184 1125 1250 1204; baseline 0.003 -22"><span class='ocrx_word' id='word_1_79' title='bbox 184 1137 212 1183; x_wconf 86' lang='lat'><strong>10</strong></span> <span class='ocrx_word' id='word_1_80' title='bbox 224 1128 315 1204; x_wconf 80' lang='lat' dir='ltr'><strong>gittes</strong></span> <span class='ocrx_word' id='word_1_81' title='bbox 348 1128 379 1186; x_wconf 90' lang='lat' dir='ltr'><strong>in</strong></span> <span class='ocrx_word' id='word_1_82' title='bbox 414 1145 530 1185; x_wconf 88' lang='lat' dir='ltr'><strong>carnem</strong></span> <span class='ocrx_word' id='word_1_83' title='bbox 565 1129 595 1185; x_wconf 92' lang='lat' dir='ltr'><strong>et</strong></span> <span class='ocrx_word' id='word_1_84' title='bbox 627 1125 658 1184; x_wconf 89' lang='lat' dir='ltr'><strong>in</strong></span> <span class='ocrx_word' id='word_1_85' title='bbox 690 1125 863 1203; x_wconf 85' lang='lat' dir='ltr'><strong>sanguinem</strong></span> <span class='ocrx_word' id='word_1_86' title='bbox 897 1129 927 1185; x_wconf 90' lang='lat' dir='ltr'><strong>et</strong></span> <span class='ocrx_word' id='word_1_87' title='bbox 958 1125 989 1184; x_wconf 88' lang='lat' dir='ltr'><strong>in</strong></span> <span class='ocrx_word' id='word_1_88' title='bbox 1015 1143 1104 1185; x_wconf 83' lang='lat' dir='ltr'><strong>venas</strong></span> <span class='ocrx_word' id='word_1_89' title='bbox 1136 1143 1250 1185; x_wconf 84' lang='lat' dir='ltr'><strong>eorum</strong></span> 
     </span>
     <span class='ocr_line' id='line_1_12' title="bbox 224 1212 1249 1290; baseline 0.001 -16"><span class='ocrx_word' id='word_1_90' title='bbox 224 1217 349 1276; x_wconf 87' lang='lat' dir='ltr'><strong>mittunt</strong></span> <span class='ocrx_word' id='word_1_91' title='bbox 381 1217 469 1290; x_wconf 86' lang='lat' dir='ltr'><strong>atque</strong></span> <span class='ocrx_word' id='word_1_92' title='bbox 503 1212 634 1274; x_wconf 90' lang='lat' dir='ltr'><strong>homines</strong></span> <span class='ocrx_word' id='word_1_93' title='bbox 666 1217 749 1274; x_wconf 85' lang='lat' dir='ltr'><strong>tanta</strong></span> <span class='ocrx_word' id='word_1_94' title='bbox 781 1215 941 1290; x_wconf 81' lang='lat' dir='ltr'><strong>asperitate</strong></span> <span class='ocrx_word' id='word_1_95' title='bbox 973 1213 1118 1290; x_wconf 84' lang='lat' dir='ltr'><strong>infigunt,</strong></span> <span class='ocrx_word' id='word_1_96' title='bbox 1155 1216 1249 1275; x_wconf 85' lang='lat' dir='ltr'><strong>velut</strong></span> 
     </span>
     <span class='ocr_line' id='line_1_13' title="bbox 223 1303 1267 1380; baseline 0.001 -17"><span class='ocrx_word' id='word_1_97' title='bbox 223 1322 340 1363; x_wconf 87' lang='lat' dir='ltr'><strong>amarus</strong></span> <span class='ocrx_word' id='word_1_98' title='bbox 362 1304 463 1363; x_wconf 85' lang='lat' dir='ltr'><strong>fumus</strong></span> <span class='ocrx_word' id='word_1_99' title='bbox 487 1304 588 1363; x_wconf 87' lang='lat' dir='ltr'><strong>oeulos</strong></span> <span class='ocrx_word' id='word_1_100' title='bbox 612 1304 775 1366; x_wconf 76' lang='lat' dir='ltr'><strong>contundit.</strong></span> <span class='ocrx_word' id='word_1_101' title='bbox 819 1303 858 1362; x_wconf 78' lang='lat' dir='ltr'><strong>Et</strong></span> <span class='ocrx_word' id='word_1_102' title='bbox 874 1304 927 1380; x_wconf 92' lang='lat' dir='ltr'><strong>qui</strong></span> <span class='ocrx_word' id='word_1_103' title='bbox 948 1304 1035 1363; x_wconf 88' lang='lat' dir='ltr'><strong>istius</strong></span> <span class='ocrx_word' id='word_1_104' title='bbox 1060 1304 1267 1379; x_wconf 82' lang='lat' dir='ltr'><strong>complexio·-</strong></span> 
     </span>
     <span class='ocr_line' id='line_1_14' title="bbox 222 1392 1245 1469; baseline 0.002 -18"><span class='ocrx_word' id='word_1_105' title='bbox 222 1395 269 1452; x_wconf 90' lang='lat' dir='ltr'><strong>nis</strong></span> <span class='ocrx_word' id='word_1_106' title='bbox 296 1395 374 1469; x_wconf 83' lang='lat' dir='ltr'><strong>sunt,</strong></span> <span class='ocrx_word' id='word_1_107' title='bbox 406 1393 438 1451; x_wconf 88' lang='lat' dir='ltr'><strong>in</strong></span> <span class='ocrx_word' id='word_1_108' title='bbox 468 1393 514 1452; x_wconf 88' lang='lat' dir='ltr'><strong>ira</strong></span> <span class='ocrx_word' id='word_1_109' title='bbox 541 1393 658 1468; x_wconf 90' lang='lat' dir='ltr'><strong>saepius</strong></span> <span class='ocrx_word' id='word_1_110' title='bbox 681 1393 881 1464; x_wconf 81' lang='lat' dir='ltr'><strong>exardescunt,</strong></span> <span class='ocrx_word' id='word_1_111' title='bbox 912 1393 964 1451; x_wconf 81' lang='lat' dir='ltr'><strong>sed</strong></span> <span class='ocrx_word' id='word_1_112' title='bbox 991 1411 1055 1451; x_wconf 87' lang='lat' dir='ltr'><strong>eam</strong></span> <span class='ocrx_word' id='word_1_113' title='bbox 1085 1393 1144 1452; x_wconf 88' lang='lat' dir='ltr'><strong>cito</strong></span> <span class='ocrx_word' id='word_1_114' title='bbox 1168 1392 1245 1453; x_wconf 93' lang='lat' dir='ltr'><strong>obli·</strong></span> 
     </span>
     <span class='ocr_line' id='line_1_15' title="bbox 222 1481 1244 1556; baseline 0 -14"><span class='ocrx_word' id='word_1_115' title='bbox 222 1481 303 1542; x_wconf 86' lang='lat' dir='ltr'><strong>vioni</strong></span> <span class='ocrx_word' id='word_1_116' title='bbox 318 1483 442 1542; x_wconf 86' lang='lat' dir='ltr'><strong>tradunt</strong></span> <span class='ocrx_word' id='word_1_117' title='bbox 456 1482 619 1542; x_wconf 87' lang='lat' dir='ltr'><strong>bonitatem</strong></span> <span class='ocrx_word' id='word_1_118' title='bbox 635 1486 778 1555; x_wconf 82' lang='lat' dir='ltr'><strong>amantes3</strong></span> <span class='ocrx_word' id='word_1_119' title='bbox 800 1484 844 1554; x_wconf 86' lang='lat' dir='ltr'><strong>ut,</strong></span> <span class='ocrx_word' id='word_1_120' title='bbox 868 1501 937 1541; x_wconf 90' lang='lat' dir='ltr'><strong>oum</strong></span> <span class='ocrx_word' id='word_1_121' title='bbox 956 1484 1116 1556; x_wconf 88' lang='lat' dir='ltr'><strong>tempestas</strong></span> <span class='ocrx_word' id='word_1_122' title='bbox 1133 1483 1244 1556; x_wconf 87' lang='lat' dir='ltr'><strong>oritur,</strong></span> 
     </span>
     <span class='ocr_line' id='line_1_16' title="bbox 184 1564 1243 1648; baseline 0.002 -18"><span class='ocrx_word' id='word_1_123' title='bbox 184 1584 210 1630; x_wconf 83' lang='lat'><strong>15</strong></span> <span class='ocrx_word' id='word_1_124' title='bbox 225 1570 328 1630; x_wconf 80' lang='lat' dir='ltr'><strong>deinde</strong></span> <span class='ocrx_word' id='word_1_125' title='bbox 344 1573 388 1631; x_wconf 91' lang='lat' dir='ltr'><strong>sol</strong></span> <span class='ocrx_word' id='word_1_126' title='bbox 404 1577 539 1647; x_wconf 79' lang='lat' dir='ltr'><strong>apparet3</strong></span> <span class='ocrx_word' id='word_1_127' title='bbox 563 1573 606 1630; x_wconf 87' lang='lat' dir='ltr'><strong>ita</strong></span> <span class='ocrx_word' id='word_1_128' title='bbox 620 1572 702 1648; x_wconf 89' lang='lat' dir='ltr'><strong>quod</strong></span> <span class='ocrx_word' id='word_1_129' title='bbox 716 1571 807 1631; x_wconf 85' lang='lat' dir='ltr'><strong>etiam</strong></span> <span class='ocrx_word' id='word_1_130' title='bbox 824 1564 953 1630; x_wconf 65' lang='lat' dir='ltr'><strong>talie&#39;est</strong></span> <span class='ocrx_word' id='word_1_131' title='bbox 966 1572 1012 1630; x_wconf 85' lang='lat' dir='ltr'><strong>vis</strong></span> <span class='ocrx_word' id='word_1_132' title='bbox 1028 1572 1243 1646; x_wconf 83' lang='lat' dir='ltr'><strong>complexionis</strong></span> 
     </span>
     <span class='ocr_line' id='line_1_17' title="bbox 224 1659 1243 1737; baseline 0.002 -19"><span class='ocrx_word' id='word_1_133' title='bbox 224 1661 370 1737; x_wconf 81' lang='lat' dir='ltr'><strong>flegmatis</strong></span> <span class='ocrx_word' id='word_1_134' title='bbox 392 1679 506 1734; x_wconf 84' lang='lat' dir='ltr'><strong>eorum,</strong></span> <span class='ocrx_word' id='word_1_135' title='bbox 540 1660 621 1737; x_wconf 89' lang='lat' dir='ltr'><strong>quod</strong></span> <span class='ocrx_word' id='word_1_136' title='bbox 642 1661 729 1720; x_wconf 86' lang='lat' dir='ltr'><strong>facile</strong></span> <span class='ocrx_word' id='word_1_137' title='bbox 751 1660 789 1719; x_wconf 84' lang='lat' dir='ltr'><strong>ad</strong></span> <span class='ocrx_word' id='word_1_138' title='bbox 811 1661 895 1732; x_wconf 85' lang='lat' dir='ltr'><strong>iram,</strong></span> <span class='ocrx_word' id='word_1_139' title='bbox 923 1661 1010 1719; x_wconf 87' lang='lat' dir='ltr'><strong>facile</strong></span> <span class='ocrx_word' id='word_1_140' title='bbox 1033 1659 1071 1718; x_wconf 81' lang='lat' dir='ltr'><strong>ad</strong></span> <span class='ocrx_word' id='word_1_141' title='bbox 1094 1661 1243 1720; x_wconf 74' lang='lat' dir='ltr'><strong>laetitiam</strong></span> 
     </span>
     <span class='ocr_line' id='line_1_18' title="bbox 222 1749 1162 1827; baseline 0.005 -19"><span class='ocrx_word' id='word_1_142' title='bbox 222 1749 395 1827; x_wconf 81' lang='lat' dir='ltr'><strong>insurgunt3</strong></span> <span class='ocrx_word' id='word_1_143' title='bbox 418 1750 468 1809; x_wconf 86' lang='lat' dir='ltr'><strong>sed</strong></span> <span class='ocrx_word' id='word_1_144' title='bbox 493 1751 669 1827; x_wconf 84' lang='lat' dir='ltr'><strong>adplenum</strong></span> <span class='ocrx_word' id='word_1_145' title='bbox 690 1753 873 1810; x_wconf 86' lang='lat' dir='ltr'><strong>senectutem</strong></span> <span class='ocrx_word' id='word_1_146' title='bbox 895 1768 954 1809; x_wconf 89' lang='lat' dir='ltr'><strong>nou</strong></span> <span class='ocrx_word' id='word_1_147' title='bbox 976 1749 1162 1824; x_wconf 81' lang='lat' dir='ltr'><strong>perveniunt.</strong></span> 
     </span>
     <span class='ocr_line' id='line_1_19' title="bbox 289 1837 1239 1915; baseline 0.001 -16"><span class='ocrx_word' id='word_1_148' title='bbox 289 1840 334 1900; x_wconf 88' lang='lat' dir='ltr'><strong>Dc</strong></span> <span class='ocrx_word' id='word_1_149' title='bbox 356 1841 565 1902; x_wconf 75' lang='lat' dir='ltr'><strong>melancoltcis.</strong></span> <span class='ocrx_word' id='word_1_150' title='bbox 610 1838 686 1898; x_wconf 81' lang='lat' dir='ltr'><strong>Sunt</strong></span> <span class='ocrx_word' id='word_1_151' title='bbox 712 1858 783 1899; x_wconf 86' lang='lat' dir='ltr'><strong>vero</strong></span> <span class='ocrx_word' id='word_1_152' title='bbox 811 1839 863 1898; x_wconf 89' lang='lat' dir='ltr'><strong>alii</strong></span> <span class='ocrx_word' id='word_1_153' title='bbox 885 1837 1027 1914; x_wconf 87' lang='lat' dir='ltr'><strong>homines,</strong></span> <span class='ocrx_word' id='word_1_154' title='bbox 1056 1839 1109 1915; x_wconf 88' lang='lat' dir='ltr'><strong>qui</strong></span> <span class='ocrx_word' id='word_1_155' title='bbox 1137 1839 1239 1900; x_wconf 88' lang='lat' dir='ltr'><strong>tristes</strong></span> 
     </span>
     <span class='ocr_line' id='line_1_20' title="bbox 223 1928 1238 2007; baseline 0 -19"><span class='ocrx_word' id='word_1_156' title='bbox 223 1948 257 1988; x_wconf 90' lang='lat' dir='ltr'><strong>ao</strong></span> <span class='ocrx_word' id='word_1_157' title='bbox 280 1929 378 1988; x_wconf 89' lang='lat' dir='ltr'><strong>timidi</strong></span> <span class='ocrx_word' id='word_1_158' title='bbox 406 1947 439 1988; x_wconf 91' lang='lat' dir='ltr'><strong>ac</strong></span> <span class='ocrx_word' id='word_1_159' title='bbox 465 1931 535 2007; x_wconf 84' lang='lat' dir='ltr'><strong>vagi</strong></span> <span class='ocrx_word' id='word_1_160' title='bbox 560 1929 593 1987; x_wconf 92' lang='lat' dir='ltr'><strong>in</strong></span> <span class='ocrx_word' id='word_1_161' title='bbox 615 1929 763 1988; x_wconf 89' lang='lat' dir='ltr'><strong>mentibus</strong></span> <span class='ocrx_word' id='word_1_162' title='bbox 791 1929 851 1988; x_wconf 93' lang='lat' dir='ltr'><strong>suis</strong></span> <span class='ocrx_word' id='word_1_163' title='bbox 879 1932 956 1999; x_wconf 87' lang='lat' dir='ltr'><strong>sunt,</strong></span> <span class='ocrx_word' id='word_1_164' title='bbox 984 1928 1027 1986; x_wconf 86' lang='lat' dir='ltr'><strong>ita</strong></span> <span class='ocrx_word' id='word_1_165' title='bbox 1050 1928 1131 2004; x_wconf 86' lang='lat' dir='ltr'><strong>quod</strong></span> <span class='ocrx_word' id='word_1_166' title='bbox 1154 1928 1238 1988; x_wconf 87' lang='lat' dir='ltr'><strong>nulla</strong></span> 
     </span>
     <span class='ocr_line' id='line_1_21' title="bbox 183 2015 1238 2078; baseline 0.003 -3"><span class='ocrx_word' id='word_1_167' title='bbox 183 2020 307 2077; x_wconf 76' lang='lat' dir='ltr'><strong>cereata</strong></span> <span class='ocrx_word' id='word_1_168' title='bbox 329 2019 502 2078; x_wconf 88' lang='lat' dir='ltr'><strong>constitutio</strong></span> <span class='ocrx_word' id='word_1_169' title='bbox 526 2020 557 2077; x_wconf 91' lang='lat' dir='ltr'><strong>et</strong></span> <span class='ocrx_word' id='word_1_170' title='bbox 579 2021 674 2078; x_wconf 83' lang='lat' dir='ltr'><strong>status</strong></span> <span class='ocrx_word' id='word_1_171' title='bbox 696 2019 728 2076; x_wconf 90' lang='lat' dir='ltr'><strong>iu</strong></span> <span class='ocrx_word' id='word_1_172' title='bbox 751 2018 791 2077; x_wconf 91' lang='lat' dir='ltr'><strong>eis</strong></span> <span class='ocrx_word' id='word_1_173' title='bbox 815 2021 868 2078; x_wconf 80' lang='lat' dir='ltr'><strong>est</strong></span> <span class='ocrx_word' id='word_1_174' title='bbox 900 2015 958 2076; x_wconf 83' lang='lat' dir='ltr'><strong>Sed</strong></span> <span class='ocrx_word' id='word_1_175' title='bbox 972 2019 1042 2076; x_wconf 85' lang='lat' dir='ltr'><strong>suut</strong></span> <span class='ocrx_word' id='word_1_176' title='bbox 1063 2021 1100 2076; x_wconf 89' lang='lat' dir='ltr'><strong>ut</strong></span> <span class='ocrx_word' id='word_1_177' title='bbox 1122 2017 1238 2078; x_wconf 86' lang='lat' dir='ltr'><strong>validus</strong></span> 
     </span>
     <span class='ocr_line' id='line_1_22' title="bbox 225 2105 1237 2184; baseline 0.001 -19"><span class='ocrx_word' id='word_1_178' title='bbox 225 2110 340 2184; x_wconf 83' lang='lat' dir='ltr'><strong>ventus,</strong></span> <span class='ocrx_word' id='word_1_179' title='bbox 365 2107 418 2183; x_wconf 93' lang='lat' dir='ltr'><strong>qui</strong></span> <span class='ocrx_word' id='word_1_180' title='bbox 441 2107 578 2167; x_wconf 89' lang='lat' dir='ltr'><strong>omnibus</strong></span> <span class='ocrx_word' id='word_1_181' title='bbox 600 2106 701 2166; x_wconf 84' lang='lat' dir='ltr'><strong>herbis</strong></span> <span class='ocrx_word' id='word_1_182' title='bbox 724 2111 754 2166; x_wconf 92' lang='lat' dir='ltr'><strong>et</strong></span> <span class='ocrx_word' id='word_1_183' title='bbox 775 2107 924 2166; x_wconf 81' lang='lat' dir='ltr'><strong>fructibus</strong></span> <span class='ocrx_word' id='word_1_184' title='bbox 939 2105 1054 2166; x_wconf 88' lang='lat' dir='ltr'><strong>inutilis</strong></span> <span class='ocrx_word' id='word_1_185' title='bbox 1070 2108 1123 2168; x_wconf 89' lang='lat' dir='ltr'><strong>est.</strong></span> <span class='ocrx_word' id='word_1_186' title='bbox 1154 2105 1237 2166; x_wconf 84' lang='lat' dir='ltr'><strong>Unde</strong></span> 
     </span>
     <span class='ocr_line' id='line_1_23' title="bbox 221 2195 1236 2273; baseline 0.002 -19"><span class='ocrx_word' id='word_1_187' title='bbox 221 2196 253 2254; x_wconf 87' lang='lat' dir='ltr'><strong>iu</strong></span> <span class='ocrx_word' id='word_1_188' title='bbox 275 2195 322 2254; x_wconf 92' lang='lat' dir='ltr'><strong>his</strong></span> <span class='ocrx_word' id='word_1_189' title='bbox 344 2196 450 2255; x_wconf 86' lang='lat' dir='ltr'><strong>crescit</strong></span> <span class='ocrx_word' id='word_1_190' title='bbox 471 2197 585 2273; x_wconf 78' lang='lat' dir='ltr'><strong>flegma,</strong></span> <span class='ocrx_word' id='word_1_191' title='bbox 609 2197 689 2272; x_wconf 85' lang='lat' dir='ltr'><strong>quod</strong></span> <span class='ocrx_word' id='word_1_192' title='bbox 711 2215 764 2256; x_wconf 92' lang='lat' dir='ltr'><strong>neo</strong></span> <span class='ocrx_word' id='word_1_193' title='bbox 786 2195 945 2255; x_wconf 83' lang='lat' dir='ltr'><strong>humidum</strong></span> <span class='ocrx_word' id='word_1_194' title='bbox 960 2215 1013 2256; x_wconf 91' lang='lat' dir='ltr'><strong>neo</strong></span> <span class='ocrx_word' id='word_1_195' title='bbox 1033 2197 1162 2272; x_wconf 89' lang='lat' dir='ltr'><strong>spissum</strong></span> <span class='ocrx_word' id='word_1_196' title='bbox 1185 2200 1236 2273; x_wconf 85' lang='lat' dir='ltr'><strong>est,</strong></span> 
     </span>
     <span class='ocr_line' id='line_1_24' title="bbox 222 2285 1236 2366; baseline 0 -22"><span class='ocrx_word' id='word_1_197' title='bbox 222 2285 272 2344; x_wconf 85' lang='lat' dir='ltr'><strong>sed</strong></span> <span class='ocrx_word' id='word_1_198' title='bbox 295 2285 438 2360; x_wconf 82' lang='lat' dir='ltr'><strong>tepidum,</strong></span> <span class='ocrx_word' id='word_1_199' title='bbox 469 2287 500 2344; x_wconf 93' lang='lat' dir='ltr'><strong>et</strong></span> <span class='ocrx_word' id='word_1_200' title='bbox 523 2285 606 2366; x_wconf 88' lang='lat' dir='ltr'><strong>quod</strong></span> <span class='ocrx_word' id='word_1_201' title='bbox 628 2289 672 2344; x_wconf 88' lang='lat' dir='ltr'><strong>est</strong></span> <span class='ocrx_word' id='word_1_202' title='bbox 694 2289 730 2344; x_wconf 92' lang='lat' dir='ltr'><strong>ut</strong></span> <span class='ocrx_word' id='word_1_203' title='bbox 751 2285 837 2361; x_wconf 84' lang='lat' dir='ltr'><strong>livor,</strong></span> <span class='ocrx_word' id='word_1_204' title='bbox 871 2285 923 2361; x_wconf 90' lang='lat' dir='ltr'><strong>qui</strong></span> <span class='ocrx_word' id='word_1_205' title='bbox 945 2289 1033 2344; x_wconf 85' lang='lat' dir='ltr'><strong>tenax</strong></span> <span class='ocrx_word' id='word_1_206' title='bbox 1056 2289 1109 2358; x_wconf 78' lang='lat' dir='ltr'><strong>est,</strong></span> <span class='ocrx_word' id='word_1_207' title='bbox 1131 2288 1162 2345; x_wconf 91' lang='lat' dir='ltr'><strong>et</strong></span> <span class='ocrx_word' id='word_1_208' title='bbox 1184 2287 1236 2362; x_wconf 90' lang='lat' dir='ltr'><strong>qui</strong></span> 
     </span>
     <span class='ocr_line' id='line_1_25' title="bbox 222 2374 1236 2451; baseline 0.001 -19"><span class='ocrx_word' id='word_1_209' title='bbox 222 2391 252 2432; x_wconf 87' lang='lat' dir='ltr'><strong>se</strong></span> <span class='ocrx_word' id='word_1_210' title='bbox 274 2376 310 2432; x_wconf 91' lang='lat' dir='ltr'><strong>ut</strong></span> <span class='ocrx_word' id='word_1_211' title='bbox 333 2375 447 2451; x_wconf 84' lang='lat' dir='ltr'><strong>gummi</strong></span> <span class='ocrx_word' id='word_1_212' title='bbox 478 2375 510 2433; x_wconf 93' lang='lat' dir='ltr'><strong>in</strong></span> <span class='ocrx_word' id='word_1_213' title='bbox 539 2375 662 2451; x_wconf 80' lang='lat' dir='ltr'><strong>longum</strong></span> <span class='ocrx_word' id='word_1_214' title='bbox 693 2374 849 2449; x_wconf 75' lang='lat' dir='ltr'><strong>protrahit,</strong></span> <span class='ocrx_word' id='word_1_215' title='bbox 882 2377 913 2434; x_wconf 86' lang='lat' dir='ltr'><strong>et</strong></span> <span class='ocrx_word' id='word_1_216' title='bbox 939 2374 993 2450; x_wconf 90' lang='lat' dir='ltr'><strong>qui</strong></span> <span class='ocrx_word' id='word_1_217' title='bbox 1020 2377 1107 2450; x_wconf 86' lang='lat' dir='ltr'><strong>parat</strong></span> <span class='ocrx_word' id='word_1_218' title='bbox 1129 2375 1236 2434; x_wconf 90' lang='lat' dir='ltr'><strong>melan-</strong></span> 
     </span>
     <span class='ocr_line' id='line_1_26' title="bbox 184 2462 1234 2539; baseline 0.005 -21"><span class='ocrx_word' id='word_1_219' title='bbox 184 2473 212 2518; x_wconf 84' lang='lat'><strong>25</strong></span> <span class='ocrx_word' id='word_1_220' title='bbox 225 2463 339 2538; x_wconf 80' lang='lat' dir='ltr'><strong>coliem,</strong></span> <span class='ocrx_word' id='word_1_221' title='bbox 360 2482 435 2539; x_wconf 86' lang='lat' dir='ltr'><strong>quac</strong></span> <span class='ocrx_word' id='word_1_222' title='bbox 450 2463 480 2521; x_wconf 92' lang='lat' dir='ltr'><strong>in</strong></span> <span class='ocrx_word' id='word_1_223' title='bbox 496 2463 593 2539; x_wconf 86' lang='lat' dir='ltr'><strong>primo</strong></span> <span class='ocrx_word' id='word_1_224' title='bbox 610 2466 679 2522; x_wconf 83' lang='lat' dir='ltr'><strong>ortu</strong></span> <span class='ocrx_word' id='word_1_225' title='bbox 695 2464 855 2524; x_wconf 88' lang='lat' dir='ltr'><strong>desemine</strong></span> <span class='ocrx_word' id='word_1_226' title='bbox 871 2462 954 2522; x_wconf 80' lang='lat' dir='ltr'><strong>Adae</strong></span> <span class='ocrx_word' id='word_1_227' title='bbox 970 2467 1036 2523; x_wconf 85' lang='lat' dir='ltr'><strong>orta</strong></span> <span class='ocrx_word' id='word_1_228' title='bbox 1052 2467 1098 2523; x_wconf 86' lang='lat' dir='ltr'><strong>est</strong></span> <span class='ocrx_word' id='word_1_229' title='bbox 1113 2463 1149 2522; x_wconf 87' lang='lat' dir='ltr'><strong>de</strong></span> <span class='ocrx_word' id='word_1_230' title='bbox 1163 2463 1234 2524; x_wconf 86' lang='lat' dir='ltr'><strong>flatu</strong></span> 
     </span>
     <span class='ocr_line' id='line_1_27' title="bbox 221 2552 1232 2629; baseline 0.003 -17"><span class='ocrx_word' id='word_1_231' title='bbox 221 2553 373 2629; x_wconf 85' lang='lat' dir='ltr'><strong>serpentis,</strong></span> <span class='ocrx_word' id='word_1_232' title='bbox 396 2553 536 2629; x_wconf 89' lang='lat' dir='ltr'><strong>quoniam</strong></span> <span class='ocrx_word' id='word_1_233' title='bbox 558 2552 657 2612; x_wconf 85' lang='lat' dir='ltr'><strong>Adam</strong></span> <span class='ocrx_word' id='word_1_234' title='bbox 680 2553 835 2612; x_wconf 90' lang='lat' dir='ltr'><strong>consilium</strong></span> <span class='ocrx_word' id='word_1_235' title='bbox 857 2553 939 2612; x_wconf 91' lang='lat' dir='ltr'><strong>illius</strong></span> <span class='ocrx_word' id='word_1_236' title='bbox 961 2553 992 2610; x_wconf 92' lang='lat' dir='ltr'><strong>in</strong></span> <span class='ocrx_word' id='word_1_237' title='bbox 1016 2552 1080 2612; x_wconf 89' lang='lat' dir='ltr'><strong>cibo</strong></span> <span class='ocrx_word' id='word_1_238' title='bbox 1103 2552 1232 2629; x_wconf 83' lang='lat' dir='ltr'><strong>perfecit</strong></span> 
     </span>
     <span class='ocr_line' id='line_1_28' title="bbox 288 2641 1233 2719; baseline 0.001 -18"><span class='ocrx_word' id='word_1_239' title='bbox 288 2642 333 2701; x_wconf 88' lang='lat' dir='ltr'><strong>Dc</strong></span> <span class='ocrx_word' id='word_1_240' title='bbox 355 2643 547 2701; x_wconf 75' lang='lat' dir='ltr'><strong>melancoliae</strong></span> <span class='ocrx_word' id='word_1_241' title='bbox 568 2644 679 2704; x_wconf 77' lang='lat' dir='ltr'><strong>morbo</strong></span> <span class='ocrx_word' id='word_1_242' title='bbox 722 2643 763 2702; x_wconf 78' lang='lat' dir='ltr'><strong>Et</strong></span> <span class='ocrx_word' id='word_1_243' title='bbox 789 2642 859 2702; x_wconf 90' lang='lat' dir='ltr'><strong>haec</strong></span> <span class='ocrx_word' id='word_1_244' title='bbox 887 2641 1061 2702; x_wconf 86' lang='lat' dir='ltr'><strong>melancolia</strong></span> <span class='ocrx_word' id='word_1_245' title='bbox 1084 2642 1169 2719; x_wconf 81' lang='lat' dir='ltr'><strong>nigra</strong></span> <span class='ocrx_word' id='word_1_246' title='bbox 1191 2647 1233 2702; x_wconf 86' lang='lat' dir='ltr'><strong>est</strong></span> 
     </span>
     <span class='ocr_line' id='line_1_29' title="bbox 222 2730 1229 2791; baseline 0.001 -2"><span class='ocrx_word' id='word_1_247' title='bbox 222 2732 252 2789; x_wconf 88' lang='lat' dir='ltr'><strong>et</strong></span> <span class='ocrx_word' id='word_1_248' title='bbox 275 2750 375 2789; x_wconf 88' lang='lat' dir='ltr'><strong>amara</strong></span> <span class='ocrx_word' id='word_1_249' title='bbox 398 2734 428 2789; x_wconf 89' lang='lat' dir='ltr'><strong>et</strong></span> <span class='ocrx_word' id='word_1_250' title='bbox 450 2750 536 2791; x_wconf 89' lang='lat' dir='ltr'><strong>omne</strong></span> <span class='ocrx_word' id='word_1_251' title='bbox 558 2733 671 2790; x_wconf 88' lang='lat' dir='ltr'><strong>malum</strong></span> <span class='ocrx_word' id='word_1_252' title='bbox 694 2732 775 2790; x_wconf 85' lang='lat' dir='ltr'><strong>efflat</strong></span> <span class='ocrx_word' id='word_1_253' title='bbox 802 2750 835 2791; x_wconf 89' lang='lat' dir='ltr'><strong>ec</strong></span> <span class='ocrx_word' id='word_1_254' title='bbox 862 2731 1013 2791; x_wconf 79' lang='lat' dir='ltr'><strong>interdum</strong></span> <span class='ocrx_word' id='word_1_255' title='bbox 1042 2731 1132 2791; x_wconf 90' lang='lat' dir='ltr'><strong>etiam</strong></span> <span class='ocrx_word' id='word_1_256' title='bbox 1154 2730 1229 2790; x_wconf 87' lang='lat' dir='ltr'><strong>infir·</strong></span> 
     </span>
     <span class='ocr_line' id='line_1_30' title="bbox 221 2819 1231 2896; baseline 0.005 -20"><span class='ocrx_word' id='word_1_257' title='bbox 221 2819 354 2878; x_wconf 83' lang='lat' dir='ltr'><strong>mitatem</strong></span> <span class='ocrx_word' id='word_1_258' title='bbox 378 2819 414 2877; x_wconf 86' lang='lat' dir='ltr'><strong>ad</strong></span> <span class='ocrx_word' id='word_1_259' title='bbox 438 2819 591 2880; x_wconf 84' lang='lat' dir='ltr'><strong>cerebrum</strong></span> <span class='ocrx_word' id='word_1_260' title='bbox 615 2824 645 2881; x_wconf 90' lang='lat' dir='ltr'><strong>et</strong></span> <span class='ocrx_word' id='word_1_261' title='bbox 667 2821 705 2879; x_wconf 79' lang='lat' dir='ltr'><strong>ad</strong></span> <span class='ocrx_word' id='word_1_262' title='bbox 727 2839 777 2880; x_wconf 89' lang='lat' dir='ltr'><strong>cor</strong></span> <span class='ocrx_word' id='word_1_263' title='bbox 798 2822 883 2896; x_wconf 89' lang='lat' dir='ltr'><strong>quasi</strong></span> <span class='ocrx_word' id='word_1_264' title='bbox 905 2838 993 2880; x_wconf 82' lang='lat' dir='ltr'><strong>venas</strong></span> <span class='ocrx_word' id='word_1_265' title='bbox 1017 2819 1141 2880; x_wconf 84' lang='lat' dir='ltr'><strong>ebullire</strong></span> <span class='ocrx_word' id='word_1_266' title='bbox 1163 2821 1231 2881; x_wconf 84' lang='lat' dir='ltr'><strong>facit</strong></span> 
     </span>
     <span class='ocr_line' id='line_1_31' title="bbox 180 2909 1228 2986; baseline 0.005 -22"><span class='ocrx_word' id='word_1_267' title='bbox 180 2917 208 2964; x_wconf 79' lang='lat'><strong>³0</strong></span> <span class='ocrx_word' id='word_1_268' title='bbox 222 2910 311 2984; x_wconf 87' lang='lat' dir='ltr'><strong>atque</strong></span> <span class='ocrx_word' id='word_1_269' title='bbox 333 2909 489 2968; x_wconf 87' lang='lat' dir='ltr'><strong>tristitiam</strong></span> <span class='ocrx_word' id='word_1_270' title='bbox 516 2913 546 2970; x_wconf 91' lang='lat' dir='ltr'><strong>et</strong></span> <span class='ocrx_word' id='word_1_271' title='bbox 574 2910 755 2970; x_wconf 84' lang='lat' dir='ltr'><strong>dubietatem</strong></span> <span class='ocrx_word' id='word_1_272' title='bbox 783 2909 877 2969; x_wconf 83' lang='lat' dir='ltr'><strong>totius</strong></span> <span class='ocrx_word' id='word_1_273' title='bbox 905 2909 1112 2970; x_wconf 88' lang='lat' dir='ltr'><strong>consolationis</strong></span> <span class='ocrx_word' id='word_1_274' title='bbox 1141 2913 1228 2986; x_wconf 83' lang='lat' dir='ltr'><strong>parat,</strong></span> 
     </span>
     <span class='ocr_line' id='line_1_32' title="bbox 220 2997 1228 3075; baseline 0.001 -19"><span class='ocrx_word' id='word_1_275' title='bbox 220 2998 264 3057; x_wconf 88' lang='lat' dir='ltr'><strong>ita</strong></span> <span class='ocrx_word' id='word_1_276' title='bbox 285 2997 366 3073; x_wconf 86' lang='lat' dir='ltr'><strong>quod</strong></span> <span class='ocrx_word' id='word_1_277' title='bbox 387 2997 477 3057; x_wconf 92' lang='lat' dir='ltr'><strong>homo</strong></span> <span class='ocrx_word' id='word_1_278' title='bbox 500 2998 617 3057; x_wconf 88' lang='lat' dir='ltr'><strong>nullum</strong></span> <span class='ocrx_word' id='word_1_279' title='bbox 639 2999 783 3075; x_wconf 85' lang='lat' dir='ltr'><strong>gaudium</strong></span> <span class='ocrx_word' id='word_1_280' title='bbox 810 2997 918 3058; x_wconf 87' lang='lat' dir='ltr'><strong>habere</strong></span> <span class='ocrx_word' id='word_1_281' title='bbox 947 3001 1053 3074; x_wconf 87' lang='lat' dir='ltr'><strong>potest,</strong></span> <span class='ocrx_word' id='word_1_282' title='bbox 1086 2998 1166 3074; x_wconf 87' lang='lat' dir='ltr'><strong>quod</strong></span> <span class='ocrx_word' id='word_1_283' title='bbox 1195 2998 1228 3057; x_wconf 83' lang='lat' dir='ltr'><strong>ed</strong></span> 
     </span>
     <span class='ocr_line' id='line_1_33' title="bbox 220 3086 1225 3162; baseline 0 -16"><span class='ocrx_word' id='word_1_284' title='bbox 220 3103 377 3162; x_wconf 87' lang='lat' dir='ltr'><strong>supernam</strong></span> <span class='ocrx_word' id='word_1_285' title='bbox 400 3087 492 3147; x_wconf 87' lang='lat' dir='ltr'><strong>vitam</strong></span> <span class='ocrx_word' id='word_1_286' title='bbox 516 3091 546 3146; x_wconf 92' lang='lat' dir='ltr'><strong>et</strong></span> <span class='ocrx_word' id='word_1_287' title='bbox 570 3087 607 3145; x_wconf 86' lang='lat' dir='ltr'><strong>ad</strong></span> <span class='ocrx_word' id='word_1_288' title='bbox 630 3086 858 3146; x_wconf 88' lang='lat' dir='ltr'><strong>consolationem</strong></span> <span class='ocrx_word' id='word_1_289' title='bbox 880 3088 1041 3162; x_wconf 89' lang='lat' dir='ltr'><strong>praesentis</strong></span> <span class='ocrx_word' id='word_1_290' title='bbox 1064 3089 1143 3147; x_wconf 87' lang='lat' dir='ltr'><strong>vitae</strong></span> <span class='ocrx_word' id='word_1_291' title='bbox 1164 3105 1225 3162; x_wconf 87' lang='lat' dir='ltr'><strong>per·</strong></span> 
     </span>
     <span class='ocr_line' id='line_1_34' title="bbox 220 3174 1226 3237; baseline 0.001 -2"><span class='ocrx_word' id='word_1_292' title='bbox 220 3175 303 3237; x_wconf 86' lang='lat' dir='ltr'><strong>tinet.</strong></span> <span class='ocrx_word' id='word_1_293' title='bbox 349 3174 430 3236; x_wconf 89' lang='lat' dir='ltr'><strong>Haec</strong></span> <span class='ocrx_word' id='word_1_294' title='bbox 458 3179 557 3236; x_wconf 88' lang='lat' dir='ltr'><strong>autem</strong></span> <span class='ocrx_word' id='word_1_295' title='bbox 584 3176 755 3236; x_wconf 88' lang='lat' dir='ltr'><strong>melancolia</strong></span> <span class='ocrx_word' id='word_1_296' title='bbox 781 3178 924 3236; x_wconf 88' lang='lat' dir='ltr'><strong>naturalis</strong></span> <span class='ocrx_word' id='word_1_297' title='bbox 953 3180 997 3236; x_wconf 90' lang='lat' dir='ltr'><strong>est</strong></span> <span class='ocrx_word' id='word_1_298' title='bbox 1020 3177 1100 3236; x_wconf 90' lang='lat' dir='ltr'><strong>omni</strong></span> <span class='ocrx_word' id='word_1_299' title='bbox 1122 3176 1226 3236; x_wconf 89' lang='lat' dir='ltr'><strong>homini</strong></span> 
     </span>
     <span class='ocr_line' id='line_1_35' title="bbox 221 3265 1226 3343; baseline 0.001 -20"><span class='ocrx_word' id='word_1_300' title='bbox 221 3265 256 3323; x_wconf 86' lang='lat' dir='ltr'><strong>de</strong></span> <span class='ocrx_word' id='word_1_301' title='bbox 272 3265 369 3340; x_wconf 83' lang='lat' dir='ltr'><strong>prima</strong></span> <span class='ocrx_word' id='word_1_302' title='bbox 383 3265 572 3343; x_wconf 83' lang='lat' dir='ltr'><strong>suggestione</strong></span> <span class='ocrx_word' id='word_1_303' title='bbox 588 3265 706 3340; x_wconf 83' lang='lat' dir='ltr'><strong>diaboli,</strong></span> <span class='ocrx_word' id='word_1_304' title='bbox 722 3266 860 3342; x_wconf 88' lang='lat' dir='ltr'><strong>quoniam</strong></span> <span class='ocrx_word' id='word_1_305' title='bbox 875 3266 964 3326; x_wconf 89' lang='lat' dir='ltr'><strong>homo</strong></span> <span class='ocrx_word' id='word_1_306' title='bbox 980 3267 1171 3341; x_wconf 88' lang='lat' dir='ltr'><strong>praeceptum</strong></span> <span class='ocrx_word' id='word_1_307' title='bbox 1184 3265 1226 3324; x_wconf 87' lang='lat' dir='ltr'><strong>dei</strong></span> 
     </span>
     <span class='ocr_line' id='line_1_36' title="bbox 180 3350 1329 3431; baseline 0.004 -23"><span class='ocrx_word' id='word_1_308' title='bbox 180 3363 208 3410; x_wconf 76' lang='lat' dir='ltr'><strong>ss</strong></span> <span class='ocrx_word' id='word_1_309' title='bbox 221 3357 421 3431; x_wconf 82' lang='lat' dir='ltr'><strong>transgressus</strong></span> <span class='ocrx_word' id='word_1_310' title='bbox 453 3357 497 3414; x_wconf 89' lang='lat' dir='ltr'><strong>est</strong></span> <span class='ocrx_word' id='word_1_311' title='bbox 526 3355 558 3413; x_wconf 88' lang='lat' dir='ltr'><strong>in</strong></span> <span class='ocrx_word' id='word_1_312' title='bbox 590 3354 654 3415; x_wconf 90' lang='lat' dir='ltr'><strong>cibo</strong></span> <span class='ocrx_word' id='word_1_313' title='bbox 686 3356 777 3431; x_wconf 92' lang='lat' dir='ltr'><strong>pomi.</strong></span> <span class='ocrx_word' id='word_1_314' title='bbox 822 3355 862 3414; x_wconf 76' lang='lat' dir='ltr'><strong>ut</strong></span> <span class='ocrx_word' id='word_1_315' title='bbox 892 3356 928 3415; x_wconf 88' lang='lat' dir='ltr'><strong>de</strong></span> <span class='ocrx_word' id='word_1_316' title='bbox 959 3355 1015 3414; x_wconf 92' lang='lat' dir='ltr'><strong>hoc</strong></span> <span class='ocrx_word' id='word_1_317' title='bbox 1042 3350 1109 3414; x_wconf 91' lang='lat' dir='ltr'><strong>cibo</strong></span> <span class='ocrx_word' id='word_1_318' title='bbox 1134 3354 1224 3414; x_wconf 84' lang='lat' dir='ltr'><strong>eadem</strong></span> <span class='ocrx_word' id='word_1_319' title='bbox 1328 3373 1329 3378; x_wconf 49' lang='lat'>¹</span> 
     </span>
     <span class='ocr_line' id='line_1_37' title="bbox 220 3443 1224 3522; baseline 0.001 -20"><span class='ocrx_word' id='word_1_320' title='bbox 220 3443 394 3504; x_wconf 85' lang='lat' dir='ltr'><strong>melancolia</strong></span> <span class='ocrx_word' id='word_1_321' title='bbox 416 3445 447 3502; x_wconf 89' lang='lat' dir='ltr'><strong>in</strong></span> <span class='ocrx_word' id='word_1_322' title='bbox 469 3444 567 3503; x_wconf 85' lang='lat' dir='ltr'><strong>Adam</strong></span> <span class='ocrx_word' id='word_1_323' title='bbox 590 3447 621 3504; x_wconf 84' lang='lat' dir='ltr'><strong>et</strong></span> <span class='ocrx_word' id='word_1_324' title='bbox 641 3444 673 3503; x_wconf 89' lang='lat' dir='ltr'><strong>in</strong></span> <span class='ocrx_word' id='word_1_325' title='bbox 696 3445 777 3504; x_wconf 89' lang='lat' dir='ltr'><strong>omni</strong></span> <span class='ocrx_word' id='word_1_326' title='bbox 798 3464 905 3522; x_wconf 86' lang='lat' dir='ltr'><strong>genere</strong></span> <span class='ocrx_word' id='word_1_327' title='bbox 934 3445 996 3503; x_wconf 89' lang='lat' dir='ltr'><strong>eius</strong></span> <span class='ocrx_word' id='word_1_328' title='bbox 1024 3444 1117 3503; x_wconf 81' lang='lat' dir='ltr'><strong>crevit</strong></span> <span class='ocrx_word' id='word_1_329' title='bbox 1147 3446 1224 3519; x_wconf 88' lang='lat' dir='ltr'><strong>atque</strong></span> 
     </span>
     <span class='ocr_line' id='line_1_38' title="bbox 221 3532 1223 3610; baseline 0 -18"><span class='ocrx_word' id='word_1_330' title='bbox 221 3551 337 3594; x_wconf 90' lang='lat' dir='ltr'><strong>omnem</strong></span> <span class='ocrx_word' id='word_1_331' title='bbox 359 3537 469 3610; x_wconf 86' lang='lat' dir='ltr'><strong>pestem</strong></span> <span class='ocrx_word' id='word_1_332' title='bbox 494 3534 525 3593; x_wconf 91' lang='lat' dir='ltr'><strong>in</strong></span> <span class='ocrx_word' id='word_1_333' title='bbox 540 3533 709 3594; x_wconf 90' lang='lat' dir='ltr'><strong>hominibus</strong></span> <span class='ocrx_word' id='word_1_334' title='bbox 725 3535 840 3597; x_wconf 85' lang='lat' dir='ltr'><strong>excitat.</strong></span> <span class='ocrx_word' id='word_1_335' title='bbox 885 3533 942 3593; x_wconf 85' lang='lat' dir='ltr'><strong>Sed</strong></span> <span class='ocrx_word' id='word_1_336' title='bbox 963 3532 1034 3608; x_wconf 90' lang='lat' dir='ltr'><strong>quia</strong></span> <span class='ocrx_word' id='word_1_337' title='bbox 1047 3532 1223 3608; x_wconf 86' lang='lat' dir='ltr'><strong>praedictum</strong></span> 
     </span>
    </p>
   </div>
   <div class='ocr_carea' id='block_1_3' title="bbox 0 0 1344 3938">
    <p class='ocr_par' dir='ltr' id='par_1_3' title="bbox 0 0 1344 3938">
     <span class='ocr_line' id='line_1_39' title="bbox 0 0 1344 3938; baseline 0 3"><span class='ocrx_word' id='word_1_338' title='bbox 0 0 1344 3938; x_wconf 95' lang='lat' dir='ltr'><strong> </strong></span> 
     </span>
    </p>
   </div>
  </div>
 </body>
</html>
