2680 3938
401 167 544 224 causas}
562 165 610 223 ΕΤ
629 161 750 223 01111111
768 163 835 220 LIB.
854 165 875 220 1.
1132 171 1151 229 9

133 357 172 413 61
194 355 289 432 ignite
311 354 410 414 iacula
431 354 463 413 in
479 372 546 413 aere
560 354 670 426 volare,
692 355 815 424 horest,
840 351 921 430 quod
936 353 1038 412 stellae
1052 348 1153 426 ignem

132 444 167 502 in
191 463 289 503 aerem
311 461 381 502 eum
404 443 441 502 ad
465 441 693 503 confortandum
715 444 850 516 mittunt,
873 444 910 501 61
932 446 962 501 61
976 442 1039 517 ipse
1054 438 1152 498 calore

132 552 190 593 suo
218 534 329 592 terram
351 531 519 594 fructificet.
564 531 650 591 Unde
677 533 767 592 etiam
789 550 876 610 saepe
904 531 1025 591 videtur
1053 529 1083 586 et
1105 547 1150 586 re·

131 623 259 698 peritur,
283 622 365 697 quod
387 640 436 680 aer
463 622 499 680 de
526 622 594 700 igne
622 625 654 682 et
676 623 773 681 calore
796 623 951 682 stellarum
980 638 1010 679 se
1032 621 1152 694 purgat,

132 713 178 771 ita
200 714 236 771 ut
259 710 294 770 ab
319 730 352 770 eo
376 711 476 770 sordes
498 711 644 787 quaedam
667 712 753 789 quasi
776 711 870 772 faeces
893 709 1007 769 cadant.
1166 731 1179 774 5

200 801 246 861 De
268 802 349 860 aeris
369 801 441 872 litis.
487 799 633 860 Similiter
664 819 732 860 cum
762 803 858 860 aestas
890 801 921 860 61
950 797 1043 858 hiems
1071 813 1151 872 sepa

131 892 246 962 rantur,
278 889 322 948 ita
353 893 389 949 ut
420 892 515 950 aestas
546 889 663 949 recedat
693 892 723 951 et
749 888 843 949 biems
870 882 980 959 166161,
1008 887 1055 947 161
1083 902 1151 944 cum

130 979 225 1039 hiems
256 978 376 1040 recedat
406 982 437 1039 61
466 981 561 1038 aestas
591 980 709 1055 veniat,
742 980 888 1057 quaedam
917 975 1086 1053 coagulatio
1114 978 1152 1034 ut

131 1068 280 1144 quaedam
303 1066 407 1128 albedo
429 1067 551 1128 filorum
573 1067 605 1127 in
629 1087 695 1128 aere
716 1069 808 1145 volat,
830 1068 885 1128 ubi
906 1084 957 1129 aer
979 1083 1009 1124 sa
1031 1082 1090 1141 pur
1128 1065 1150 1123 t.

131 1156 214 1227 Quae
245 1157 277 1216 in
306 1160 417 1216 terram
446 1156 596 1217 descendit
627 1157 663 1218 de
692 1157 844 1218 collisione
872 1158 993 1218 illorum
1021 1153 1150 1213 ducrum
1164 1173 1192 1218 10

129 1251 302 1323 temporum
326 1244 432 1306 hiemis
455 1248 485 1305 et
507 1247 634 1323 aestatis,
658 1265 726 1307 cum
750 1247 928 1307 seinvicem
952 1243 1105 1303 collidunt

199 1336 248 1396 De
271 1336 384 1414 eclipsi.
431 1335 518 1406 Quod
541 1337 640 1395 autem
664 1336 781 1413 eclipsis
809 1337 897 1396 lunae
921 1333 1081 1408 aliquando
1105 1331 1147 1390 vi-

129 1425 229 1501 detur,
253 1423 310 1484 boc
334 1428 387 1496 eat,
410 1425 491 1501 quod
507 1425 651 1484 elementa
673 1429 704 1485 et
726 1428 916 1501 tempestates
940 1421 1097 1497 aliquando
1120 1439 1151 1479 se

129 1514 318 1574 adinvicem
341 1514 502 1586 collidunt,
536 1515 620 1574 velut
650 1515 818 1574 conflictum
849 1515 927 1574 inter
954 1531 985 1572 se
1011 1511 1149 1571 habeant.

129 1603 190 1662 Sed
222 1603 295 1662 luna
322 1604 394 1662 tunc
421 1621 474 1662 nec
505 1604 692 1680 extinguitur
718 1622 771 1663 nec
802 1603 912 1676 deficit,
940 1600 990 1664 aed
1020 1605 1191 1677 tempos-15

128 1694 207 1751 tates
237 1693 306 1751 illae
340 1711 404 1751 eam
441 1692 478 1751 ad
509 1691 614 1752 boram
647 1696 766 1753 tantum
796 1692 964 1754 obscurant.
1018 1689 1077 1748 Sed
1104 1689 1149 1749 vis

128 1781 219 1840 lunae
247 1784 332 1841 tanta
355 1786 417 1854 est,
448 1780 530 1856 quod
563 1784 753 1858 tempestates
780 1782 847 1842 illas
870 1780 992 1858 superat
1015 1782 1045 1838 et
1068 1776 1150 1855 quod

126 1871 238 1930 iterum
261 1870 449 1947 splendorem
464 1888 552 1930 suum
571 1870 690 1943 emittit,
714 1871 786 1947 quia
807 1871 854 1931 via
876 1872 965 1930 lunae
987 1867 1083 1926 maior
1105 1871 1150 1926 est

127 1961 159 2019 11
182 1962 393 2036 tempestatum
417 1960 547 2023 illarum.

196 2050 244 2109 De
265 2051 396 2124 quiaque
412 2050 555 2123 ptaaetia.
593 2047 690 2109 (letari
713 2067 833 2126 quoque
857 2049 990 2124 quinque
1012 2044 1148 2121 planetae
1162 2061 1191 2108 66

130 2142 209 2212 sunt,
245 2141 276 2197 et
306 2140 408 2197 lumen
439 2137 475 2197 de
504 2139 573 2216 igne
604 2141 635 2198 61
666 2139 703 2197 de
731 2138 847 2198 aethere
878 2136 989 2197 habent
1021 2139 1053 2194 61
1078 2141 1149 2196 sunt

126 2228 221 2287 robur
244 2247 277 2287 ao
299 2227 519 2287 firmamentum
543 2227 730 2288 firmamenti.
760 2227 862 2304 Atque
887 2227 940 2286 bas
961 2224 1148 2286 circuitiones

126 2318 190 2375 tam
212 2317 380 2376 altitudinis
408 2336 498 2392 quam
521 2316 733 2393 profunditatis
759 2317 791 2375 in
817 2318 1002 2376 firmamento
1029 2312 1147 2387 habent,

125 2408 164 2464 ut
186 2404 229 2464 ibi
251 2406 395 2484 fulgeant,
417 2404 470 2464 ubi
485 2406 529 2465 sol
551 2425 610 2466 uon
624 2405 722 2464 radiat
743 2409 775 2464 et
788 2405 843 2465 ubi
857 2404 1044 2482 splendorem
1060 2422 1147 2462 suum

126 2495 177 2555 vix
200 2495 337 2555 ostendit.
382 2494 442 2554 Ubi
464 2495 522 2571 ipsi
545 2498 617 2555 sunt
639 2496 669 2554 et
691 2497 816 2554 currunt
838 2497 928 2571 atque
952 2491 1188 2554 61166166611615

19 2601 22 2608 ’
127 2584 261 2643 serviunt
292 2587 322 2644 et
352 2584 539 2644 velocitatem
571 2584 641 2644 solis
674 2583 803 2643 retinent
831 2587 922 2659 atque
952 2583 1053 2660 ignem
1083 2581 1146 2640 eius

127 2672 275 2733 tabescere
297 2673 420 2750 iaciunt,
451 2674 495 2732 ita
516 2675 552 2732 ut
578 2691 650 2748 prae
671 2673 744 2750 ipsis
770 2675 888 2732 tantum
911 2672 1047 2731 ardorem
1068 2671 1146 2747 ignia

127 2781 186 2822 non
208 2763 332 2835 emittat,
365 2765 401 2822 ut
423 2763 541 2835 faceret,
572 2763 689 2822 6166111
710 2781 771 2822 non
793 2763 963 2822 retinerent.
1008 2761 1048 2820 Et
1069 2760 1147 2820 sicut

127 2852 259 2928 quinque
281 2869 382 2912 sensus
405 2852 535 2926 corporis
557 2850 685 2911 bominis
715 2869 823 2926 corpus
851 2851 914 2910 eius
943 2851 1095 2910 continent
1117 2851 1147 2908 61

127 2943 299 3000 ornamenta
323 2941 387 3000 eius
403 2944 482 3015 sunt,
505 2941 549 3000 ita
572 2941 660 3000 etiam
675 2941 726 3000 isti
742 2940 873 3017 quinque
894 2941 1030 3016 planetae
1052 2940 1187 2999 66161666

127 3030 280 3090 continent
303 3032 393 3105 atque
416 3029 505 3090 decor
526 3029 621 3105 ipsius
644 3033 723 3092 sunt

193 3120 242 3180 De
262 3119 446 3190 firmamenti
469 3118 680 3182 retardatione.
726 3117 783 3178 Sed
813 3120 843 3178 et
869 3118 1088 3178 firmamentum
1114 3118 1145 3176 in

125 3207 281 3268 velocitate
315 3208 579 3280 circumvolvitur,
622 3211 652 3268 et
691 3209 736 3268 sol
774 3227 842 3267 cum
879 3208 982 3267 ceteris
1020 3207 1145 3282 planetis

127 3300 229 3357 contra
250 3297 327 3356 illud
350 3300 381 3356 et
403 3299 521 3358 obviam
552 3297 598 3355 illi
621 3298 769 3373 paulatim
795 3297 890 3356 currit
917 3299 1006 3372 atque
1035 3295 1143 3355 veloci·

127 3388 219 3445 tatem
250 3386 313 3446 eius
344 3387 466 3460 retinet;
498 3387 639 3463 quoniam
667 3385 1186 3446 616611116116161166116116665

127 3475 268 3535 1611116161
288 3475 337 3535 161
359 3476 385 3536 61
406 3476 470 3551 ipse
494 3494 562 3535 cum
589 3476 693 3535 ceteris
719 3476 846 3551 planetis
877 3477 961 3534 tanta
987 3473 1144 3532 velocitate

127 3568 258 3625 curreret
289 3564 408 3626 obviam
430 3565 628 3641 firmamento,
654 3567 765 3639 quanta
787 3562 865 3622 illud
889 3559 1143 3636 circumvolvitur,
