2662 3932
398 169 540 226 CAUSAE
559 170 605 226 ΕΤ
623 171 744 227 CURAE
763 172 830 228 LIB.
849 173 885 227 II.
1084 177 1147 238 105

210 353 263 413 De
279 358 381 428 partu
428 351 503 413 Cum
527 357 627 413 autem
649 355 748 430 proles
781 354 817 415 de
848 355 958 416 femina
988 357 1149 432 procedere

103 441 220 514 debet,
247 446 319 502 tunc
341 445 444 501 tantus
465 446 564 502 terror
587 446 618 502 et
639 446 743 504 tantus
765 447 878 504 tremor
900 464 990 522 super
1012 465 1078 505 eam
1103 446 1148 522 fit,

104 532 203 608 quod
233 532 329 591 omnis
352 531 461 592 femina
483 533 514 591 in
537 536 651 592 terrore
674 533 731 592 hoc
753 535 869 610 tremet,
897 538 928 593 et
955 535 1037 611 quod
1059 554 1149 595 venae

104 621 183 679 eius
213 621 362 698 sanguine
385 620 681 697 superhabundanter
704 621 867 699 effundunt,
891 626 922 682 et
945 622 1026 700 quod
1049 642 1170 683 omnes.

106 709 318 787 compagines
345 711 548 770 membrorum
580 712 644 770 eius
671 713 879 788 vulnerantur,
914 716 944 772 et
976 713 1058 789 quod
1081 723 1176 772 cume

106 798 259 858 lacrimis
283 802 312 858 et
335 799 449 858 eiulatu
471 800 640 876 solvuntur,
666 803 703 859 ut
726 800 841 861 dictum
868 804 929 860 est:
960 801 996 860 in
1024 801 1150 861 dolore

105 887 263 962 paries3
284 891 314 947 et
328 888 359 947 in
374 888 430 946 tali
445 888 557 948 scilieet
574 889 684 960 dolore,
704 892 741 948 ut
760 890 791 949 in
811 889 868 948 fine
883 893 1053 966 temporum
1068 893 1149 949 terra

106 977 305 1037 mutabitur.
350 976 457 1037 Omnes
490 996 562 1054 ergo
593 979 720 1038 feminae
750 978 924 1055 sanguinem
956 979 1050 1056 magis
1080 997 1149 1038 oum

107 1066 222 1125 livore
244 1066 427 1142 permixtum
449 1066 559 1126 habent
582 1086 671 1143 quarn
703 1068 770 1144 viri,
803 1068 884 1143 quod
916 1069 998 1144 ipsae
1029 1071 1148 1144 apertae

110 1158 198 1214 sunt
223 1157 261 1213 ut
283 1155 408 1232 lignum,
431 1155 463 1213 in
486 1174 546 1232 quo
569 1156 674 1216 cordae
702 1157 739 1216 ad
769 1156 1005 1217 citharizandum
1032 1157 1147 1234 positae
1160 1167 1189 1212 10

110 1248 205 1316 sunt,
239 1247 271 1303 et
293 1245 366 1321 qnia
387 1244 478 1303 etiam
508 1245 679 1304 fenestrulas
711 1249 742 1306 et
774 1248 912 1306 ventosae
948 1249 1083 1320 (sunt),
1105 1247 1150 1305 ita

113 1334 209 1409 quod
233 1333 322 1392 etiarn
345 1333 490 1392 elementa
511 1333 543 1391 in
570 1334 613 1393 eis
643 1332 863 1395 vehementiora
893 1338 964 1395 sunt
996 1354 1085 1412 quarn
1117 1337 1149 1394 in

111 1423 206 1495 viris,
241 1425 271 1481 et
303 1422 384 1498 quod
411 1422 548 1482 humores
576 1424 666 1482 etiam
695 1425 727 1482 in
755 1424 796 1484 eis
818 1425 887 1500 plus
911 1444 1001 1501 quarn
1023 1425 1054 1483 in
1076 1425 1149 1485 viris

114 1511 311 1574 habundant.

192 1599 240 1660 De
260 1601 450 1674 fecunditate.
495 1601 624 1660 Rivulus
655 1603 756 1660 autem
783 1603 929 1662 menstrui
950 1603 1094 1679 temporis
1116 1603 1189 1661 in15

116 1690 255 1748 muliere
278 1692 323 1748 est
351 1689 484 1768 genitiva
509 1689 648 1750 viriditas
675 1693 706 1750 et
731 1690 877 1751 floriditas
907 1691 983 1766 eius,
1016 1711 1092 1768 quae
1119 1692 1150 1751 in

116 1780 212 1854 prole
235 1778 362 1855 frondet,
386 1779 466 1855 quia,
488 1782 525 1838 ut
541 1779 629 1839 arbor
642 1780 796 1840 viriditate
811 1798 865 1840 sua
884 1780 969 1840 floret
984 1783 1014 1839 et
1030 1780 1150 1839 frondet

119 1872 154 1928 et
189 1869 309 1928 fructus
343 1867 472 1944 profert,
507 1868 548 1926 sio
581 1868 690 1928 femina
725 1868 762 1928 de
795 1867 948 1929 viriditate
982 1869 1149 1929 rivulorum

120 1957 276 2017 menstrui
300 1957 452 2034 sanguinis
473 1957 559 2017 flores
583 1961 613 2017 et
634 1958 754 2018 frondes
776 1958 808 2016 in
831 1958 935 2018 fructu
962 1958 1072 2018 ventris
1101 1958 1149 2016 sui

120 2046 239 2109 educit.
285 2043 342 2105 Sed
365 2049 401 2106 ut
424 2046 519 2122 arbor,
544 2066 620 2123 quae
641 2047 795 2107 viriditate
818 2050 905 2120 caret,
928 2047 1190 2106 infructiferumno

121 2136 246 2213 lignum
270 2134 390 2207 eicitur,
412 2135 457 2194 re
479 2138 510 2194 ee
532 2135 650 2208 semna,
674 2156 750 2213 quse
772 2136 954 2195 andreatem
976 2120 1148 2196 nouitatis

121 2243 197 2284 suae
234 2224 266 2282 in
303 2224 377 2282 forti
415 2227 512 2283 aetate
549 2244 608 2285 non
640 2224 738 2302 babet,
776 2225 916 2285 infertilis
949 2227 1149 2302 nuncupatur.

122 2312 383 2386 Quemadmodum
414 2317 514 2373 autem
546 2314 662 2374 iuvenis
688 2315 777 2374 arbor
810 2315 995 2375 viriditatem
1028 2314 1149 2392 quidem

124 2403 229 2479 habet,
252 2401 302 2461 sed
325 2402 399 2462 flore
420 2402 578 2461 fructuum
600 2403 697 2462 adbuc
721 2407 809 2476 caret,
832 2406 952 2464 etcum
977 2404 1014 2463 ad
1028 2403 1149 2463 fortitu·

125 2493 229 2552 dinem
251 2509 403 2550 ramorum
425 2493 603 2567 pervenerit,
626 2493 658 2551 in
680 2492 834 2552 viriditate
855 2492 941 2552 floras
971 2496 1002 2552 et
1031 2493 1147 2552 fructus
1161 2501 1190 2546 25

125 2581 256 2657 profert,
279 2579 331 2640 sed
352 2580 475 2639 tandem
496 2581 528 2639 in
550 2581 736 2658 plenitudine
758 2582 910 2658 temporis,
933 2600 967 2641 ex
991 2600 1050 2658 qno
1073 2581 1149 2640 rudi·

126 2673 195 2730 cata
217 2669 286 2745 fuit,
308 2668 444 2730 viriditas
467 2669 531 2730 eius
554 2670 748 2747 contrabitur,
779 2671 823 2730 ita
853 2670 934 2748 quod
960 2671 1149 2747 aliquantum

42 2821 46 2836 ,
126 2779 163 2819 ex
185 2761 271 2835 parte
295 2758 405 2817 durum
427 2759 545 2836 lignum
567 2760 603 2818 fit
625 2763 656 2819 et
678 2761 768 2819 etiam
800 2779 835 2819 ex
864 2762 949 2836 parte
979 2759 1085 2838 fragile
1118 2762 1150 2818 et

127 2847 301 2925 putridum:
324 2847 366 2907 sio
389 2848 479 2907 etiam
493 2849 524 2907 in
540 2848 649 2908 femina
664 2849 730 2912 erit.
759 2847 835 2907 Nam
849 2849 950 2925 puella
964 2849 1148 2909 viriditatem

127 2936 285 2996 crescendo
309 2936 346 2995 ad
369 2937 525 2997 fortiorem
547 2940 674 2997 aetatem
696 2938 797 3014 habet,
826 2938 876 2998 sed
900 2939 1042 3016 sanguine
1069 2938 1147 2996 flori·
1162 2951 1191 2994 eo

128 3026 233 3086 ditatis
264 3044 333 3084 suae
358 3028 449 3099 earet3
483 3027 515 3085 in
547 3027 620 3086 forti
652 3030 751 3087 autem
783 3030 888 3103 aetate,
918 3047 987 3086 oum
1016 3026 1149 3085 membra

131 3115 196 3174 eius
219 3115 386 3175 confortata
409 3118 488 3192 sunt,
510 3115 648 3176 viriditas
671 3116 824 3193 sanguinis
843 3116 1033 3177 floriditatem
1050 3115 1150 3175 educit

128 3204 165 3263 ad
187 3204 312 3280 prolem
357 3201 414 3264 Sed
436 3205 469 3263 in
491 3205 580 3281 plena
602 3207 632 3265 et
659 3206 791 3282 perfecta
813 3207 908 3265 aetate
936 3205 1057 3283 sanguis
1085 3205 1148 3264 eius

127 3294 284 3365 minuitur,
316 3293 360 3351 its
384 3294 464 3370 quod
497 3294 586 3353 etiarn
619 3294 758 3354 viriditas
790 3294 962 3354 floriditatis
997 3294 1148 3372 sanguinis

128 3383 223 3460 ipsius
245 3381 393 3443 evanescit
418 3386 449 3442 et
477 3384 559 3460 quod
587 3402 655 3443 caro
683 3385 748 3444 eius
775 3383 960 3444 contrahitur
987 3388 1018 3444 et
1044 3383 1190 3442 duriores

130 3476 160 3533 et
180 3472 313 3532 tenacior
336 3471 402 3544 erit,
433 3471 483 3531 sed
510 3475 610 3531 tamen
633 3473 766 3549 debilior,
798 3491 889 3549 quam
921 3473 1006 3548 prius
1036 3473 1148 3532 finsset

129 3561 185 3622 Sed
207 3561 334 3621 minores
357 3561 507 3635 puellulae
530 3561 682 3622 effluentes
704 3561 818 3622 rivulos
834 3562 979 3621 menstrui
994 3561 1146 3638 sanguinis
