2680 3938
391 157 532 214 causan
551 157 597 214 ns
617 157 736 214 onaan
754 159 821 213 nra.
841 159 876 214 n.
1100 165 1139 226 61

103 343 333 404 humiditatem
356 343 504 419 admittit,
532 346 563 403 et
585 361 682 419 usque
705 343 777 402 dum
799 347 892 419 terra,
925 343 1037 403 scilicet
1060 347 1140 404 oute·

105 435 197 506 cula,
221 433 299 492 illud
315 433 500 509 constringit.
531 433 571 491 nt
593 435 666 491 tunc
689 432 731 491 sic
754 432 812 492 erit
835 432 1024 510 sanguineus,
1047 432 1141 492 idest

106 542 180 582 non
204 525 303 581 totum
326 523 457 599 sanguis,
481 522 532 582 sed
549 521 772 598 aliquantulum
788 522 930 598 sanguine
950 522 1140 598 permixtum.

105 613 156 672 Et
192 615 324 687 quatuor
358 610 510 688 humores,
547 629 623 687 quos
655 612 744 670 homo
774 629 792 668 a
827 613 959 686 quatuor
989 611 1140 671 elementis

106 699 224 774 trahit,
248 701 292 760 ita
315 700 394 760 circa
415 701 495 760 idem
510 719 607 760 semen
622 700 774 759 moderate
789 702 997 776 attemperate
1012 704 1140 775 manent,
1155 713 1168 758 5

108 809 219 866 usque
242 789 314 848 dum
338 790 425 866 quasi
447 808 515 849 caro
532 790 710 866 coaguletur
725 793 756 848 et
771 787 970 861 confirmetur,
993 789 1036 848 ita
1061 789 1142 866 qnod

110 880 219 940 forma
241 877 369 938 hominis
392 880 423 938 in
446 898 480 940 eo
503 879 628 957 figurari
650 881 759 954 potest.
795 877 836 936 Et
857 883 929 938 tunc
952 897 987 937 ex
1009 896 1043 937 eo
1065 879 1141 955 figu-

111 971 209 1028 ratur
230 970 266 1031 nt
289 968 409 1044 pictura
432 969 528 1028 forma
551 968 691 1040 hominis,
723 971 753 1026 et
780 966 909 1026 medulla
936 985 970 1026 ac
997 985 1088 1028 venae
1110 968 1142 1027 in

112 1061 219 1118 totam
250 1056 379 1116 formam
407 1057 490 1116 iilam
519 1076 549 1118 se
572 1060 608 1118 ut
638 1057 690 1116 fila
719 1055 849 1134 infigunt
876 1060 906 1115 ot
933 1074 987 1132 per
1016 1075 1081 1115 earn
1111 1075 1142 1116 se

114 1150 219 1206 totam
247 1145 386 1207 dividunt
416 1149 446 1206 et
474 1146 558 1208 velut
584 1145 676 1206 nodos
689 1145 888 1224 'compaginis
914 1146 945 1204 in
968 1163 1002 1205 eo
1026 1144 1138 1222 ubique
1151 1157 1183 1202 10

115 1236 251 1311 faciunt,
285 1234 337 1294 sed
360 1239 390 1296 et
413 1236 497 1297 velut
519 1236 690 1295 membrana
717 1235 767 1295 ovi
794 1234 955 1294 medullam
984 1234 1047 1294 eius
1080 1235 1135 1294 cir·

116 1324 272 1401 cumdant,
295 1343 371 1402 quae
386 1329 489 1401 postea
503 1325 534 1384 in
550 1343 616 1384 ossa
630 1325 696 1386 orit.
727 1325 766 1384 Et
780 1327 852 1384 tunc
871 1324 992 1386 itatem
1008 1323 1096 1400 plano
1111 1327 1141 1384 et

115 1417 186 1474 tam
208 1417 310 1490 aperte
332 1413 483 1490 figuratur
505 1417 542 1474 ut
563 1416 660 1474 forma
682 1413 791 1490 aliqua,
816 1432 907 1490 quam
928 1414 1026 1488 pictor
1040 1417 1141 1489 aperte

118 1505 153 1562 in
170 1502 298 1562 formam
314 1503 445 1580 aliquam
467 1504 588 1582 figurat.
617 1503 658 1563 Et
679 1503 860 1579 ubicumque
882 1503 1016 1562 mambra
1038 1501 1142 1563 futura

119 1595 221 1664 erunt,
243 1592 287 1651 ibi
310 1592 469 1652 divisiones
493 1593 648 1670 usquead
672 1592 851 1668 cuteculam‚
880 1611 957 1668 quae
985 1611 1019 1651 ea
1046 1591 1143 1652 adhuc
1156 1602 1184 1648 15

119 1681 214 1742 simul
242 1681 362 1758 retinet,
397 1682 585 1754 scinduntur,
618 1681 702 1742 velut
725 1682 827 1754 limus,
861 1681 913 1758 qui
941 1681 979 1740 ad
1007 1681 1143 1740 ardorem

118 1771 193 1832 solis
216 1770 375 1842 scinditur,
408 1791 441 1832 ac
464 1776 537 1832 tunc
566 1771 642 1832 sicca
670 1789 737 1830 caro
766 1770 802 1830 fit
828 1770 937 1830 siccata
959 1770 996 1830 de
1022 1789 1142 1846 veneno,

123 1862 216 1936 atqua
239 1863 319 1920 recta
346 1879 414 1922 caro
448 1863 529 1920 recto
557 1860 701 1938 sanguine
729 1859 929 1935 perfunditur.
974 1859 1019 1918 De
1047 1860 1143 1932 calore

122 1950 205 2010 enim
227 1949 328 2010 matris
350 1950 382 2012 in
405 1951 615 2028 pinguedinem
639 1949 853 2026 coagulationis
873 1948 991 2024 proficit
1011 1948 1142 2010 nondum

123 2039 236 2114 vivens,
271 2038 322 2100 sed
355 2039 386 2100 in
420 2041 555 2115 praefato
590 2039 687 2098 calore
721 2039 889 2116 persistens,
921 2041 951 2096 et
980 2037 1035 2098 hoc
1067 2055 1142 2112 opus
1156 2047 1184 2093 ao

125 2129 158 2186 in
189 2146 249 2188 uno
282 2147 380 2188 mense
415 2134 473 2204 cst,
508 2129 619 2188 scilicet
650 2147 710 2204 quo
742 2128 814 2188 luna
844 2127 948 2186 crescit
978 2131 1008 2184 et
1036 2125 1142 2199 deficit

125 2220 156 2276 et
187 2217 228 2276 sio
262 2218 351 2278 etiam
382 2217 533 2294 praedicta
563 2217 733 2292 coagulatio
768 2216 874 2277 crescit
908 2220 938 2275 et
968 2216 1143 2294 pinguescit,

124 2305 279 2382 quoniam,
310 2307 336 2366 si
367 2307 399 2366 in
432 2308 486 2368 hac
522 2307 703 2385 pinguedine
739 2323 798 2365 non
829 2305 1041 2381 vivificaretur,
1078 2307 1144 2364 tota

126 2397 298 2473 siccaretur,
340 2396 377 2456 de
417 2416 477 2473 qua
516 2397 647 2456 siccitate
684 2399 779 2454 mater
819 2395 949 2455 multum
989 2395 1075 2454 tarda
1115 2397 1144 2454 ot

125 2485 226 2545 dolans
250 2486 427 2546 efficeretur.
923 2541 925 2547 ,
1154 2493 1181 2539 2⁵

192 2574 238 2634 Dc
260 2575 382 2634 animae
404 2576 568 2648 infusione.
602 2572 810 2634 Deindasicut
833 2574 906 2633 deus
928 2573 996 2632 vult
1019 2575 1049 2632 et
1064 2572 1142 2632 sicut

125 2663 190 2722 fieri
206 2663 361 2740 disposuit,
377 2665 459 2724 venit
474 2662 658 2738 spiraculum
673 2663 753 2724 vitae
769 2667 800 2724 et
810 2663 937 2723 formam
949 2662 1032 2721 illam
1047 2663 1142 2720 matre

128 2753 271 2814 nesciente
291 2753 389 2830 tangit
408 2758 444 2813 ut
468 2752 622 2812 vehemens
645 2751 759 2812 calidus
781 2755 897 2827 ventus,
920 2750 1005 2810 velut
1026 2753 1141 2824 ventus,

128 2841 180 2918 qui
201 2842 233 2901 in
255 2843 400 2918 parietem
424 2861 493 2902 cum
516 2860 588 2902 sono
610 2842 670 2916 flat,
694 2860 728 2900 ac
744 2859 775 2902 se
791 2840 924 2900 infundit
940 2827 970 2900 e't
986 2840 1095 2917 infligit
1112 2841 1143 2899 in

129 2949 225 2992 omues
248 2949 405 3009 compages
428 2931 631 2991 membrorum
653 2931 767 2990 formae
789 2931 879 2991 illius.
917 2930 957 2988 Et
981 2930 1022 2990 sia
1042 2947 1143 2989 omncs
1156 2937 1184 2983 co

128 3019 282 3080 divisiones
299 3020 501 3081 membrorum
517 3019 649 3080 eiusdem
664 3021 777 3080 formae
794 3041 811 3078 a
826 3038 857 3078 sa
868 3020 1000 3079 suaviter
1011 3019 1054 3078 ita
1067 3018 1140 3078 divi·

132 3109 248 3182 duntur,
265 3114 301 3170 ut
316 3111 402 3170 floras
419 3110 456 3170 ad
472 3111 599 3170 calorem
614 3110 686 3170 solis
701 3127 732 3168 sa
748 3108 896 3170 dividunt.
930 3107 986 3168 Sed
1002 3112 1032 3167 et
1047 3106 1143 3166 adhuc

129 3202 209 3258 tanta
220 3199 408 3260 imbecillitas
419 3200 451 3258 in
465 3199 567 3258 eadem
578 3199 673 3262 forma
685 3201 737 3274 est,
751 3199 832 3275 quod
843 3200 957 3257 moveri
966 3216 1025 3256 uon
1036 3200 1143 3272 potest,

131 3287 177 3346 sed
191 3287 275 3361 iacet,
292 3291 328 3348 ut
344 3288 480 3365 dormiat,
498 3292 528 3349 et
540 3288 653 3348 modice
666 3288 766 3365 spirat.
790 3288 829 3346 Et
840 3288 964 3363 spiritus
976 3289 1072 3346 totam
1083 3285 1142 3345 for·

131 3395 204 3436 mam
214 3377 297 3436 illam
308 3378 468 3454 pertransit
479 3397 544 3438 eam
555 3376 695 3454 replendo
708 3381 738 3436 et
753 3376 951 3444 confirmando
966 3376 997 3434 in
1013 3375 1144 3434 medulla
1157 3384 1184 3430 eo

134 3472 160 3524 et
178 3466 208 3524 in
231 3467 321 3540 venis,
345 3467 390 3526 ita
406 3467 489 3543 quod
503 3471 576 3526 tuuc
590 3467 659 3541 plus
674 3466 786 3536 crescit,
812 3485 902 3541 quarn
916 3465 1000 3541 prius
1023 3465 1141 3537 faceret,

133 3571 220 3630 usqua
252 3555 324 3616 dum
354 3575 419 3617 ossa
450 3574 539 3633 super
570 3555 733 3616 medullam
766 3555 969 3614 extenduntur
1004 3555 1035 3612 et
1069 3553 1142 3612 dum
