2668 3924
177 193 240 254 166
564 183 809 241 Hlnnscalsnls

174 373 218 436 sic
247 389 333 447 saepe
363 370 454 430 faciat
484 371 515 429 et
545 389 563 428 a
594 369 739 429 lavatione
770 368 876 442 capitis
909 369 957 428 sui
984 386 1016 427 se
1039 367 1199 432 abstineat

176 459 252 518 Nam
274 459 356 519 calor
378 458 495 519 arvinae
517 458 581 518 ursi
603 460 727 517 naturae
749 457 840 516 huius
864 461 917 529 est,
942 456 1025 534 quod
1046 458 1198 534 plurimos

176 551 269 610 crines
292 547 454 625 producere
477 548 561 617 solet,
586 550 617 607 ct
637 546 756 607 favillae
788 545 824 605 dc
853 546 972 606 triticeo
995 549 1050 606 aut
1071 546 1108 606 de
1131 548 1198 606 sili·

177 639 264 715 gineo
288 637 427 698 stramine
450 637 543 698 crines
567 637 741 706 confortant,
764 655 801 694 ne
825 635 885 696 cito
909 635 1025 698 cadant
1061 636 1102 695 llt
1124 655 1198 695 cnm

149 729 249 788 shaec
271 727 328 786 sibi
351 728 619 801 contemperantur,
642 727 679 784 ut
701 724 887 799 praedictum
911 727 963 800 est,
986 725 1083 784 crines
1099 725 1197 784 homi-

178 817 223 876 nis
245 819 330 876 tanto
353 815 466 877 diutius
486 815 623 886 retinent,
645 833 681 872 ne
704 814 819 875 cadant.

244 906 289 966 Dc
311 905 419 979 capitis
441 905 538 964 dolore
560 920 597 962 ec
618 903 802 965 melancolia.
847 902 879 961 si
906 901 1030 962 diversis
1053 902 1193 963 febribus

177 993 352 1054 melancolia
373 995 453 1054 tacta
475 993 629 1053 cerebrum
651 991 778 1051 hominis
801 990 900 1051 dolere
926 991 1012 1067 iacit,
1039 991 1090 1051 ille
1118 994 1197 1051 mal·

177 1104 246 1144 vam
269 1083 394 1159 accipiat
416 1087 447 1142 et
468 1082 514 1142 bis
536 1084 654 1142 tantum
669 1080 777 1142 salviae
800 1084 830 1139 et
845 1080 883 1139 ad
898 1089 1018 1141 succum
1034 1081 1067 1140 in
1080 1085 1197 1141 morta·

138 1185 165 1232 10
178 1175 223 1234 rio
245 1172 354 1234 tundat
368 1173 399 1231 et
415 1171 487 1232 haec
502 1171 619 1232 modico
634 1171 783 1231 boumolcc
805 1172 952 1246 aspergat,
975 1170 1023 1230 vel
1045 1170 1070 1229 si
1092 1170 1198 1230 oleum

57 1258 59 1262 ’
178 1263 235 1322 hoc
249 1280 310 1322 non
324 1260 470 1335 habuerit,
494 1262 575 1320 aceto
599 1279 634 1319 aa
655 1258 769 1318 modice
791 1263 937 1336 aspergat,
961 1261 992 1318 et
1006 1259 1048 1318 sic
1062 1278 1080 1318 a
1095 1261 1197 1319 fronte

179 1370 233 1428 per
254 1351 395 1410 verticem
421 1367 517 1424 usque
544 1348 582 1408 ad
609 1349 729 1423 occiput
751 1367 839 1408 suum
863 1352 955 1423 ponat
977 1351 1008 1407 ct
1029 1367 1126 1423 panno
1148 1349 1197 1407 in·

178 1439 269 1500 simul
289 1439 364 1516 liget
386 1440 416 1498 et
436 1437 493 1498 hoc
514 1457 568 1513 per
590 1437 725 1498 triduum
747 1437 846 1499 faciat.
890 1435 989 1496 Acin
1019 1437 1065 1496 his
1095 1438 1198 1498 tribus

180 1528 284 1588 diebus
315 1527 392 1590 circa
420 1531 537 1588 noctem
560 1529 614 1586 aut
636 1527 784 1586 baumoleo
807 1530 861 1585 aut
883 1529 965 1586 aceto
987 1526 1141 1586 renovabit
1165 1533 1198 1586 et

138 1630 165 1674 15
179 1619 299 1694 insuper
322 1617 363 1676 sic
385 1616 483 1688 faciat,
505 1633 600 1692 usque
622 1615 695 1674 dum
718 1615 825 1675 melius
840 1616 957 1678 habeat.
991 1613 1066 1675 Nam
1088 1634 1197 1676 succus

178 1707 293 1768 malvae
315 1706 517 1766 melancoliam
544 1705 693 1780 dissolvit,
726 1723 831 1764 succus
863 1708 964 1764 autem
991 1704 1100 1764 salviae
1128 1724 1198 1764 eam

177 1796 311 1871 exsiccat,
327 1796 507 1855 tannecum
522 1813 592 1854 vero
609 1798 700 1870 caput
713 1793 770 1853 hcc
785 1793 874 1853 modo
898 1793 1060 1869 fatigatum
1075 1795 1198 1871 unguit,

178 1889 295 1947 acetum
327 1888 426 1944 autem
456 1903 580 1944 acumen
611 1883 800 1943 melancoliae
827 1882 963 1942 extrahit.
1009 1881 1094 1942 Unde
1121 1883 1196 1943 haec

179 1975 268 2038 simul
291 1976 453 2050 temperata
476 1973 608 2033 dolorem
631 1973 710 2030 hunc
732 1972 836 2048 capitis
858 1971 1008 2049 mitigant.

137 2073 166 2119 lc
246 2064 291 2123 Dc
313 2063 454 2124 umentia.
498 2061 530 2121 si
553 2061 643 2120 alicui
666 2061 818 2120 cerebrum
840 2060 1049 2137 infrigidatum
1072 2064 1125 2133 est,
1153 2061 1200 2121 ita

179 2151 260 2228 quod
282 2151 351 2211 inde
374 2169 472 2211 amens
495 2151 637 2224 officitur,
668 2150 766 2226 accipe
799 2150 901 2210 baccas
928 2150 1006 2209 laun'
1041 2153 1071 2209 ct
1093 2168 1142 2210 eas
1165 2151 1197 2209 in

180 2242 334 2318 pulverem
355 2240 456 2316 redige
487 2243 518 2299 et
538 2242 611 2298 tunc
634 2240 732 2314 accipe
754 2240 880 2297 farinam
902 2238 1016 2298 similae
1038 2242 1068 2298 et
1090 2240 1195 2314 pulve-

180 2350 243 2389 rem
271 2329 364 2388 istum
385 2330 543 2388 baccarum
566 2329 594 2388 ei
616 2329 771 2388 commisce
800 2333 830 2388 et
852 2329 894 2387 sic
924 2347 991 2387 cum
1015 2347 1093 2404 aqua
1115 2331 1199 2388 cattle

180 2423 210 2479 et
241 2418 371 2478 crinibus
399 2414 502 2494 capitis
524 2417 607 2476 illins
630 2417 740 2476 abrasis
763 2417 846 2476 doiclc
868 2417 960 2476 istum
983 2435 1073 2493 super
1095 2420 1197 2478 toturn

140 2519 168 2565 25
181 2510 272 2584 caput
300 2507 383 2567 illius
413 2525 490 2584 ponc
521 2509 551 2566 et
581 2507 708 2581 desuper
738 2526 805 2566 cnm
828 2505 918 2582 pilleo
942 2506 978 2564 dc
1000 2504 1091 2565 viltro
1115 2507 1196 2567 facto

181 2598 356 2674 constringe,
372 2595 513 2672 quatinus
533 2598 623 2672 caput
646 2595 708 2655 cius
723 2596 848 2655 interius
863 2595 1028 2670 incalescat,
1053 2597 1084 2654 et
1103 2599 1140 2654 nt
1154 2597 1199 2654 ita

182 2686 360 2758 obdormiat3
392 2688 423 2745 et
449 2685 576 2744 calorem
608 2684 727 2744 cerebro
760 2685 882 2746 confert.
927 2683 984 2743 Sed
1017 2702 1086 2743 cum
1113 2685 1199 2745 dcict

180 2777 237 2835 iste
264 2775 438 2845 exsiccatur,
465 2774 575 2834 iterum
598 2774 691 2833 ulium
714 2773 816 2834 eodem
845 2772 933 2832 modo
956 2790 1030 2848 para
1054 2776 1085 2831 et
1107 2774 1200 2849 capiti

181 2865 263 2924 illius
278 2881 450 2940 superpone,
474 2867 504 2922 ct
518 2864 560 2923 sic
574 2881 661 2938 saepe
676 2862 730 2938 fac,
753 2866 783 2922 ct
797 2862 847 2922 ille
862 2880 963 2922 sensus
977 2879 1044 2921 suos
1060 2863 1196 2937 recipiet.

140 2964 170 3009 30
249 2958 296 3016 Dc
319 2953 499 3027 emicranca.
546 2952 604 3024 Qui
626 2952 825 3028 emigraneam
846 2951 970 3027 patitur,
1001 2950 1065 3010 aloe
1096 2953 1127 3011 at
1154 2953 1201 3012 bis

182 3043 300 3102 tantum
323 3060 440 3118 myrrae
462 3040 587 3116 accipiat
610 3040 725 3100 ethaeo
746 3041 777 3100 in
792 3040 1025 3100 minutissimum
1042 3040 1199 3116 pulverem

183 3131 300 3209 redigat
321 3149 355 3190 ac
377 3130 481 3190 deinde
503 3131 630 3190 farinam
653 3130 767 3190 similae
789 3130 878 3190 tollat
905 3133 935 3188 et
957 3129 1003 3189 his
1026 3130 1126 3189 oleum
1147 3149 1199 3206 pa-

183 3221 300 3297 paveris
332 3218 421 3280 addat
452 3223 482 3279 et
514 3220 556 3279 sic
587 3237 721 3294 massam,
752 3219 866 3279 scilicet
892 3219 979 3294 qnasi
1010 3219 1201 3295 fermentum,

183 3309 275 3371 faciat
306 3315 337 3368 et
364 3327 432 3368 cum
454 3309 510 3368 hoc
532 3309 677 3368 fermento
699 3311 798 3367 toturn
820 3309 911 3384 caput
931 3325 1028 3384 usque
1051 3308 1089 3367 ad
1112 3327 1200 3368 annes

143 3409 171 3454 ac
184 3402 215 3458 et
243 3417 338 3475 usque
366 3398 403 3456 ad
430 3398 540 3458 collum
571 3401 656 3474 tegat
686 3397 777 3471 pilleo
808 3397 934 3472 desuper
965 3395 1062 3472 posito
1095 3400 1127 3457 et
1158 3399 1200 3457 sic

184 3506 239 3564 per
267 3487 403 3546 triduum
425 3492 511 3546 nocta
534 3505 567 3546 ac
589 3485 637 3544 die
659 3484 736 3544 illud
758 3504 848 3562 super
870 3487 962 3561 caput
983 3503 1073 3545 auum
1095 3490 1199 3561 ponat.

186 3575 274 3636 Calor
297 3576 374 3636 anim
397 3576 479 3636 aloae
503 3579 533 3634 et
559 3574 674 3634 siccitas
703 3593 820 3650 myrrae
850 3592 918 3633 cum
950 3573 1096 3636 suavitate
1127 3575 1198 3634 faii-
