2662 3932
205 138 268 199 132
591 130 835 186 HILDEGARDIS

78 338 86 362 ι
204 317 299 376 monis
314 316 393 375 hunc
408 317 533 375 livorem
548 317 611 390 peti
626 335 685 375 non
701 319 807 392 potest,
831 315 880 374 sed
901 335 968 373 eum
985 335 1002 373 a
1017 334 1047 374 se
1063 315 1101 374 ed
1116 321 1231 392 pectus

203 406 294 465 etad
317 408 425 483 guttur
447 405 576 480 expellit,
607 408 642 463 ut
674 405 764 479 cibus
797 405 849 480 qui
872 423 1007 480 spumam
1030 405 1119 464 dese
1144 426 1229 465 erna-
1302 448 1312 475 ,

203 514 274 553 nare
297 494 376 566 facit,
400 514 468 554 cum
492 494 528 552 ad
551 495 650 572 ignem
674 495 820 570 coquitur.

270 585 318 643 Dc
340 585 532 644 emunctione.
578 583 636 653 Qui
659 584 804 660 frigidum
820 586 850 641 et
865 583 1016 641 infirmum
1033 584 1227 643 stomachum

174 676 233 732 set
256 673 373 731 infirma
394 673 507 733 viscera
529 673 646 744 habent,
678 672 710 729 hi
733 672 769 730 de
791 672 962 731 infirmitate
993 672 1045 730 illa
1074 673 1226 750 frigidum

202 765 232 821 et
254 761 412 820 humidum
435 763 552 820 fumum
575 760 612 819 ad
635 760 787 820 cerebrum
812 780 899 820 suum
922 760 1075 833 emittrmt,
1107 766 1139 820 et
1170 762 1226 822 ille

201 851 236 910 fit
258 854 294 910 ut
316 855 433 911 coctum
455 870 614 922 venenum,
647 854 677 909 et
700 851 741 910 sic
764 870 781 908 a
803 849 924 908 naribus
946 852 976 907 et
999 851 1035 908 ab
1060 868 1109 909 ore
1133 854 1225 911 emit·
1323 921 1324 930 χ

201 941 288 1012 titur,
312 945 348 999 ut
370 941 459 998 etiem
483 940 586 998 stellae
608 939 640 996 in
663 959 728 997 aere
751 942 928 1015 purgantur,
957 942 993 997 ut
1023 940 1111 998 etiam
1140 944 1225 1000 terre

202 1029 346 1105 quaedam
370 1029 488 1088 sordida
511 1032 541 1087 et
563 1029 675 1087 foetida
697 1028 733 1086 de
755 1047 785 1086 se
809 1029 928 1089 emittit.

161 1131 188 1175 10
268 1120 314 1178 Dc
337 1120 446 1178 ccrcbrc'
469 1123 497 1179 et
518 1118 630 1176 salicae
653 1119 681 1178 ct
703 1115 900 1177 emanationis
916 1119 1106 1190 parentinae.
1145 1117 1224 1177 Nam

202 1207 357 1267 cerebrum
379 1209 519 1266 fenestras
542 1206 637 1282 hebet,
669 1225 743 1283 queo
776 1225 890 1282 semper
919 1209 1057 1265 ventosae
1089 1210 1160 1267 sunt
1190 1212 1222 1267 et

202 1297 238 1354 de
260 1296 368 1372 quibus
391 1316 506 1372 semper
529 1295 719 1354 mollificetur
742 1297 772 1354 et
793 1295 950 1354 humidum
973 1294 1015 1370 fit,
1048 1316 1125 1371 quae
1149 1300 1222 1357 sunt

202 1385 291 1459 oculi,
325 1404 410 1444 aures
442 1389 579 1444 eineres
603 1389 687 1443 etos
710 1385 845 1454 hominis,
877 1386 921 1442 ite
953 1385 1032 1460 quod
1056 1385 1168 1462 frigida
1190 1391 1221 1445 et

201 1473 324 1532 humida
346 1474 471 1533 foeditas
493 1474 653 1532 humorum
675 1473 716 1532 ibi
740 1475 771 1531 in
794 1477 931 1532 exeuntes
959 1475 1021 1533 vias
1049 1476 1167 1532 nerium
1191 1479 1221 1534 et

163 1574 189 1618 15
203 1563 336 1639 gutturis
371 1568 576 1640 congregatur,
613 1565 754 1638 quoniam
787 1564 939 1621 cerebrum
975 1582 1038 1620 eam
1074 1564 1139 1639 pati
1161 1584 1220 1623 nou

203 1653 310 1726 potest,
332 1652 383 1711 sed
406 1672 469 1711 eam
493 1653 530 1710 ad
552 1652 762 1728 purgationem
784 1651 910 1710 hominis
933 1652 1045 1711 emittit
1072 1655 1102 1711 et
1130 1655 1220 1729 pulsu

203 1742 277 1800 aeris
300 1741 446 1802 educitur.
492 1740 576 1810 Quod
601 1742 626 1798 si
648 1741 760 1800 homini
790 1741 930 1817 purgatio
959 1741 1017 1799 ista
1045 1741 1221 1816 prohibetur

202 1831 303 1907 aliquo
326 1833 422 1906 modo,
446 1831 535 1890 homo
559 1830 700 1889 insaniret
723 1834 753 1888 et
776 1832 930 1902 aresceret,
958 1831 1030 1906 quia
1053 1831 1219 1891 stomachus

201 1922 312 1994 periret
334 1923 363 1979 et
387 1921 538 1979 cerebrum
561 1921 759 1994 putresceret,
792 1919 932 1995 quoniam
965 1921 1109 1979 foetorem
1142 1922 1220 1980 hunc

161 2019 189 2064 20
201 2009 266 2083 pati
280 2028 339 2068 non
354 2012 480 2085 possent,
504 2008 581 2068 sicut
596 2027 649 2067 nec
663 2027 745 2066 mare
761 2007 880 2068 sordida
895 2013 925 2067 et
940 2009 1093 2068 immunda
1108 2011 1218 2086 suffert,

203 2098 275 2173 quin
299 2117 333 2156 ea
356 2099 391 2156 de
413 2117 443 2157 se
467 2099 561 2157 eiciet.
608 2096 666 2166 Qui
682 2100 781 2156 autem
796 2099 968 2156 constrictas
985 2117 1085 2156 carnes
1101 2098 1217 2175 babent,

201 2186 317 2244 bitem
341 2187 409 2244 duri
430 2187 461 2244 in
484 2186 622 2246 carnibus
654 2187 715 2244 suis
749 2190 826 2261 sunt,
861 2189 897 2244 ut
927 2205 1037 2257 caseus,
1072 2188 1126 2263 qui
1159 2190 1215 2246 tam

202 2275 320 2334 fortiter
335 2294 516 2351 compressus
534 2279 586 2346 est,
611 2276 692 2351 quod
711 2276 809 2350 liquor
830 2295 865 2333 ex
880 2295 914 2334 eo
930 2277 1021 2335 fluere
1036 2295 1094 2335 non
1109 2281 1216 2352 potest,
1321 2303 1322 2314 ¹

203 2367 233 2422 et
255 2364 324 2424 ideo
348 2365 378 2422 in
401 2365 538 2424 carnibus
562 2383 665 2423 eorum
687 2365 768 2422 viror
790 2364 893 2423 livoris
915 2367 1047 2424 remanet
1070 2370 1100 2424 et
1122 2368 1165 2425 ite
1186 2367 1216 2424 in
1323 2393 1324 2402 ¹

162 2464 190 2508 25
204 2454 244 2512 eis
266 2453 437 2529 indurescit,
460 2455 530 2530 quia
552 2453 627 2512 hanc
650 2454 822 2512 foeditatem
845 2472 979 2512 excreare
1002 2472 1060 2511 non
1082 2459 1215 2529 possunt.

202 2541 260 2601 Sed
290 2542 453 2602 humiditas
486 2539 621 2603 ciborum
645 2546 675 2601 et
696 2545 823 2618 potuum
847 2546 877 2601 et
899 2543 950 2601 alii
972 2542 1111 2602 humores
1133 2546 1215 2602 tanto

202 2631 358 2692 debiliores
381 2634 412 2690 in
435 2633 475 2691 eis
498 2636 576 2707 sunt,
600 2633 670 2707 quia
685 2632 813 2690 exterius
830 2632 1013 2690 adiutorium
1027 2632 1141 2708 livoris,
1165 2635 1216 2710 qui

202 2721 233 2778 in
262 2740 352 2794 carne
380 2725 433 2797 est,
464 2741 523 2780 non
552 2720 669 2794 hebent,
702 2722 839 2796 quoniam
864 2740 935 2797 pree
958 2722 1166 2781 constrictione
1189 2727 1217 2781 et

203 2809 316 2868 duritia
338 2811 432 2869 carnis
455 2811 581 2869 istorum
605 2811 724 2869 effluere
747 2829 805 2868 non
828 2814 961 2886 possunt.
1007 2811 1047 2868 Et
1061 2810 1093 2868 hi
1108 2811 1216 2870 infirmi

162 2909 190 2954 3ο
204 2901 274 2957 sunt
302 2899 428 2958 interius
459 2901 490 2958 in
523 2918 644 2974 corpore
675 2903 704 2958 et
736 2899 862 2958 exterius
894 2900 1034 2959 incarne
1057 2901 1214 2972 ulceribus,

204 2987 274 3062 quia
289 2988 389 3046 sordes
411 2988 512 3047 livoris
528 2989 558 3046 in
574 2988 615 3046 eis
630 2992 788 3063 remanent,
804 3007 857 3046 nec
873 3007 921 3048 eos
937 3007 1069 3048 excreare
1085 2995 1218 3065 possunt.
1323 3049 1324 3052 ,

205 3078 250 3135 Ac
272 3076 337 3136 ideo
361 3079 475 3135 tamin
498 3081 619 3153 pectore
643 3097 732 3152 quam
754 3077 785 3135 in
808 3078 890 3136 venis
913 3081 943 3136 et
965 3077 1081 3153 reliquo
1098 3097 1218 3155 corpore

203 3166 334 3225 multum
366 3166 475 3230 dolent.
520 3166 579 3236 Qui
609 3185 678 3225 vero
710 3166 836 3243 pingues
869 3186 969 3225 carnes
992 3167 1023 3224 in
1047 3167 1217 3243 corporibus

204 3255 265 3313 suis
287 3255 405 3331 habent,
429 3256 550 3315 diversis
574 3254 749 3314 humoribus
771 3256 944 3315 habundant
966 3260 996 3315 et
1018 3256 1105 3314 facile
1128 3257 1217 3316 tussi·

163 3355 191 3400 si
206 3348 278 3414 tant,
301 3345 351 3404 sed
373 3346 487 3404 modice
511 3350 651 3417 excreant,
672 3345 753 3421 quod
776 3365 826 3404 aer
849 3364 883 3403 ac
906 3349 1002 3405 cetera
1024 3346 1167 3404 elementa
1188 3347 1217 3404 in

206 3452 255 3493 eos
287 3435 446 3494 difficulter
478 3435 621 3493 intrantes
654 3454 725 3510 prae
756 3434 936 3512 pinguedine
969 3437 999 3493 et
1030 3435 1217 3510 spissitudine
1321 3437 1322 3441 ’

206 3524 299 3582 carnis
321 3524 408 3583 facile
431 3525 508 3584 exire
530 3543 589 3584 non
611 3528 735 3599 possunt
757 3542 810 3583 nec
832 3523 970 3583 humores
998 3523 1035 3580 ad
1061 3525 1212 3600 purgatio·
1323 3555 1324 3568 ÷
