2668 3924
185 171 247 230 214
569 163 813 220 HILDEGARDIS

182 353 213 408 ct
240 367 329 424 super
355 350 439 424 illud,
464 349 545 425 quod
571 351 703 426 retinuit,
734 351 792 410 mel
819 351 910 409 lineat
937 351 968 408 et
992 349 1034 408 sic
1060 367 1114 424 per
1136 351 1205 408 tres

184 439 246 496 dies
270 441 300 496 et
321 458 374 514 per
396 441 455 498 tres
477 441 576 500 noctes
598 458 687 514 super
710 440 816 512 orfuce
837 440 943 516 ponat,
975 441 1006 496 et
1029 455 1095 496 cum
1118 437 1204 496 illud

186 526 357 600 exsiccatur,
381 529 490 587 iterum
505 547 617 588 novum
632 529 734 588 eodem
749 529 837 588 modo
852 531 991 604 paratum
1007 530 1203 602 superponat,

185 618 215 674 et
230 617 336 689 orsum
351 617 492 676 minorari
512 618 662 694 incipient.
696 617 808 688 Quarta
829 621 929 677 autern
950 617 997 675 dic
1024 615 1198 689 <similam>

155 704 218 763 ade
240 706 356 766 triticea
377 706 472 764 farina
499 707 623 782 accipiat
645 709 675 766 εὴ
701 708 784 765 illam
806 727 874 766 cunr
901 705 988 764 malle
1011 701 1137 765 ccecbde
1162 706 1204 763 ad

184 794 375 854 latitudinem
411 796 571 856 earundem
618 794 728 875 orfune
760 799 790 854 et
817 796 857 855 eis
894 796 1024 871 primum
1058 793 1204 852 acoleiam

185 888 366 960 superponat
388 888 418 944 et
441 886 567 962 desuper
589 885 715 944 eundem
737 886 820 945 deick
843 889 873 944 et
887 886 929 944 sic
944 902 998 960 per
1012 901 1119 942 novem
1134 881 1202 942 dies

184 972 281 1032 faciat.
335 974 375 1033 Et
404 993 472 1034 cum
503 971 587 1035 dclcb
623 975 674 1033 ille
703 975 878 1050 exsiccatur,
916 993 985 1032 eum
1021 990 1089 1031 oum
1119 989 1202 1031 novo

189 1063 316 1136 (melle)
342 1063 452 1121 iterum
474 1062 637 1127 renovabit.
682 1064 721 1123 Et
743 1065 784 1122 sic
806 1063 910 1139 faciat,
941 1063 1013 1121 dum
1036 1064 1202 1124 evanescat.

144 1166 171 1211 10
250 1151 296 1211 De
311 1152 533 1214 claudicatione.
567 1152 590 1229 1)
600 1151 631 1212 Si
647 1153 715 1228 quis
730 1153 762 1211 in
786 1153 886 1229 aliquo
909 1153 975 1210 loco
998 1149 1205 1209 membrorum

182 1257 306 1299 suorum
335 1240 499 1300 claudicare
522 1241 635 1318 incipit,
663 1243 866 1317 dictampnum
888 1241 1022 1316 accipiat,
1054 1241 1084 1297 et
1118 1239 1204 1315 qnod

182 1329 213 1386 in
236 1330 332 1388 medio
356 1330 440 1388 velut
462 1349 512 1390 cor
535 1335 587 1406 est,
612 1330 726 1406 abiciat,
750 1335 780 1389 et
803 1331 884 1406 quod
907 1329 1055 1402 remansit,
1079 1328 1203 1387 sortitor

182 1418 213 1474 in
236 1436 313 1491 aqua
335 1421 450 1494 coquat,
475 1438 508 1478 ao
530 1420 649 1478 interim
672 1419 744 1479 dum
766 1420 809 1478 ita
832 1420 980 1495 coquitur,
1003 1416 1048 1476 bis
1070 1419 1203 1492 tantum,

182 1509 218 1564 ut
240 1505 403 1583 dictampni
425 1511 482 1585 est,
515 1503 670 1569 dimices
692 1509 781 1568 addat
808 1515 839 1568 et
864 1505 912 1568 bis
939 1511 1057 1566 tanturn
1084 1507 1203 1566 urentis

144 1609 170 1652 15
182 1596 302 1667 urticae,
325 1601 362 1655 ut
383 1588 538 1658 tuameres
561 1602 612 1674 est,
637 1599 760 1658 ethaeo
783 1599 872 1658 simul
892 1598 923 1655 in
946 1614 1023 1672 aqua
1047 1597 1201 1671 coquendo

183 1685 376 1749 commisceat.
430 1687 470 1745 Et
500 1691 658 1764 postquam
690 1692 772 1747 cocta
807 1687 933 1761 fuerint,
971 1704 1049 1760 aqua
1085 1683 1201 1745 modice

183 1792 318 1850 expressa
352 1763 405 1833 ita¹
429 1776 524 1834 calida
555 1796 645 1853 super
681 1777 850 1836 iuncturam
886 1774 1011 1834 membri
1042 1773 1126 1833 illius
1171 1777 1201 1833 et

183 1881 273 1940 snper
305 1883 393 1924 venas
427 1865 503 1941 eins,
544 1867 575 1923 in
614 1866 722 1942 quibus
762 1865 849 1924 homo
890 1863 1053 1924 claudicare
1085 1862 1201 1939 incipit,

183 1956 282 2028 ponat,
316 1956 346 2012 et
373 1973 441 2013 curn
468 1955 639 2031 infrigidari
668 1955 828 2029 incipiunt,
861 1955 972 2014 iterum
995 1951 1148 2011 calefaciat
1170 1956 1201 2010 et

144 2052 173 2098 20
186 2042 312 2117 desuper
334 2046 438 2118 ponat,
469 2047 559 2119 atque
586 2044 642 2103 hoc
673 2063 759 2120 saepe
791 2044 889 2103 faciet.
935 2042 1021 2112 Quod
1045 2043 1145 2100 antem
1169 2041 1201 2099 in

185 2131 282 2189 medio
306 2131 474 2208 dictampno
499 2135 550 2203 est,
575 2133 654 2208 qnod
678 2134 794 2192 aridum
815 2136 867 2207 est,
890 2131 1042 2206 obicietur,
1066 2136 1097 2189 et
1119 2131 1201 2188 calor

185 2219 296 2294 reliqui
311 2220 481 2296 dictampni,
505 2240 571 2280 cum
586 2225 706 2298 torpore
716 2216 876 2286 ,tirannicus
889 2222 1084 2296 temperatur,
1104 2219 1200 2278 malos

185 2307 330 2381 humores,
354 2311 407 2386 qui
427 2311 559 2369 membro
580 2311 708 2370 hominis
732 2311 915 2371 debilitatem
938 2309 1079 2383 inferunt,
1103 2309 1199 2385 fugat,

185 2400 215 2456 et
246 2397 326 2457 calor
357 2399 471 2458 urentis
506 2399 619 2458 urticae
656 2401 773 2460 eosdem
807 2399 945 2459 humores
981 2397 1124 2472 corrodit,
1163 2400 1202 2456 ut

147 2497 175 2544 25
186 2487 368 2563 minuantur,
393 2507 460 2547 oum
482 2489 513 2546 in
536 2490 683 2549 suavitate
707 2490 861 2549 calefactae
877 2506 971 2565 aquae
986 2489 1200 2562 temperuntur,

184 2579 221 2634 nt
243 2577 428 2652 praedictum
452 2581 509 2650 est3
541 2581 571 2636 et
597 2579 639 2638 sic
661 2579 712 2638 ille
736 2579 903 2653 curabitur,
935 2577 991 2636 nisi
1015 2575 1086 2634 deus
1114 2575 1200 2639 nolit.

249 2666 294 2725 De
307 2667 389 2739 febre
403 2669 500 2728 acute.
531 2667 636 2744 Homo,
653 2668 705 2745 qui
720 2668 872 2728 modicum
887 2665 1015 2726 comedit
1027 2668 1056 2723 et
1067 2665 1200 2723 multum

183 2753 267 2826 bibit,
298 2755 327 2813 in
361 2758 449 2815 acuta
470 2755 552 2816 febre
574 2755 709 2816 laborans
733 2777 841 2834 aquarn
862 2755 954 2830 bibat,
986 2773 1023 2812 ne
1046 2753 1071 2813 si
1094 2753 1199 2812 vinum

183 2841 273 2914 bibat,
298 2844 390 2921 magis
423 2847 453 2904 et
484 2847 579 2924 magis
608 2847 773 2906 inardescat
799 2850 829 2904 et
859 2844 927 2904 inde
955 2843 1024 2919 plus
1056 2844 1199 2919 accipiat;

143 2943 291 3008 nosquam
315 2935 415 2992 autem
438 2937 491 2993 aut
512 2935 652 3012 frigidam
675 2937 729 2994 aut
751 2935 920 2994 calefactam
943 2936 974 2992 et
994 2932 1099 2992 deinde
1113 2932 1198 2991 infri-

184 3020 317 3097 gidatam
338 3022 421 3081 bibat
443 3025 473 3081 et
495 3024 615 3084 suavius
644 3025 763 3100 dolebit,
795 3025 876 3100 quod
899 3042 967 3082 eum
989 3022 1147 3099 refrigerat
1169 3024 1200 3080 et

184 3110 334 3171 ardentem
357 3112 483 3172 calorem
505 3114 537 3171 in
559 3132 593 3172 eo
617 3114 773 3191 extinguit,
797 3112 945 3190 quoniam,
969 3111 994 3170 si
1010 3130 1088 3187 aqna
1104 3111 1199 3170 calida

184 3202 267 3276 essct,
291 3201 426 3260 ardorem
448 3205 552 3261 acutae
574 3202 664 3262 febris
686 3204 866 3265 accenderet.

273 3291 349 3350 Item
372 3291 407 3350 dc
431 3291 513 3363 febre
539 3296 634 3355 aare.
683 3284 876 3368 ²)Postquam
908 3293 996 3349 acuta
1023 3288 1114 3348 febris
1146 3289 1197 3348 ho·

257 3498 280 3568 ¹)
298 3518 323 3553 v.
339 3499 443 3554 10-20
453 3521 484 3549 =
497 3500 593 3572 Mignc
607 3502 675 3556 1177
689 3500 719 3554 B.
730 3531 763 3539 —
774 3498 798 3570 ²)
810 3517 836 3554 v.
851 3499 948 3568 et-p.
959 3498 1045 3566 2lbpe
1059 3519 1090 3548 .-.-
1101 3499 1198 3570 Migne

186 3568 253 3624 1237
273 3569 405 3626 1)-1238
422 3572 456 3626 Ι).
