2662 3932
370 184 511 244 casseu
529 184 577 240 ur
596 176 718 242 cuent
735 186 802 242 rm.
822 189 857 242 u.
875 173 879 188 “
1078 193 1118 252 85

94 373 238 432 membra
275 373 312 431 ad
352 371 562 432 recreationem
604 387 688 431 suam
728 372 890 448 composita
929 375 1007 436 sunt.
1062 371 1120 431 Sed

94 463 226 522 homine
249 480 336 537 saepe
359 461 519 537 evigilante
543 462 573 518 et
596 477 680 535 saepe
695 459 799 519 deinde
815 461 902 521 citius
919 460 1120 522 obdormiente

94 550 237 610 medulla
270 554 300 609 et
331 549 464 609 membra
496 549 559 608 eius
589 551 673 608 tanto
704 550 825 609 suavius
855 553 886 610 et
916 551 1012 610 lenius
1042 551 1120 610 refo-

94 641 260 714 cillantur,
289 640 373 698 velut
393 638 504 710 infans,
534 655 603 698 cum
625 655 711 714 saepe
740 638 822 714 sugit
849 643 880 697 et
906 657 992 715 saepe
1015 657 1120 717 sugere

95 729 236 804 desistit,
281 728 400 788 interim
445 727 523 787 vires
560 745 627 786 suas
665 726 704 786 ad
747 727 992 788 refocillationem
1036 747 1119 788 suam
1147 745 1162 790 5

94 819 262 894 recolligit.

171 908 220 967 De
261 907 382 966 mdccc
424 905 607 969 excitatione.
668 905 843 965 Multotiens
882 907 972 965 etiam
1016 907 1120 978 evenit,

99 996 190 1073 quod
212 995 300 1056 homo
323 994 470 1055 dormiens
492 994 524 1052 in
550 995 642 1054 latere
672 1012 724 1054 seu
753 995 785 1053 in
816 995 917 1070 aliqua
948 995 1006 1053 alia
1035 997 1121 1071 parte

99 1086 240 1162 corporis
263 1086 311 1144 sui
333 1085 464 1161 graviter
486 1085 518 1142 et
539 1083 613 1144 dure
635 1083 729 1142 iaceat
750 1101 804 1143 seu
825 1087 862 1143 ut
883 1087 968 1144 tactu
996 1084 1120 1144 alicuius
1184 1071 1188 1082 ¹

101 1175 153 1234 rei
175 1177 320 1252 tangatur
343 1176 396 1234 aut
417 1176 453 1232 ut
474 1171 647 1232 infirmitate
669 1173 800 1248 corporis
823 1173 871 1232 sui
893 1175 1043 1250 gravetur.
1080 1173 1121 1232 Et
1135 1187 1162 1234 ιο

100 1265 178 1341 quia
200 1263 289 1322 homo
312 1262 456 1322 sensibilis
478 1264 530 1334 est,
554 1261 652 1320 anima
665 1261 837 1338 gravedines
853 1265 884 1322 et
899 1263 1121 1322 contrarietates

101 1355 180 1414 istas
210 1353 340 1412 sentiens
372 1355 402 1410 et
435 1369 542 1427 corpus
574 1369 662 1410 suum
693 1370 728 1410 ex
758 1350 815 1412 hoc
841 1351 991 1412 debilitari
1017 1351 1121 1411 videus

99 1443 186 1504 vires
213 1459 280 1508 suas
308 1441 456 1518 recolligit
486 1445 516 1498 et
545 1442 680 1515 ventum,
711 1459 800 1516 quam
824 1459 841 1498 a
863 1441 994 1500 medulla
1015 1441 1121 1516 emisit,

98 1530 233 1592 retrahit
265 1532 295 1590 et
322 1530 472 1589 hominem
499 1529 540 1588 sic
567 1548 585 1586 a
611 1546 717 1605 sopore
744 1530 876 1592 suscitat.
920 1530 977 1590 Sed
1001 1534 1031 1589 et
1053 1549 1122 1590 cum

101 1620 266 1696 aliquando
298 1619 442 1696 strepitus
470 1621 523 1678 aut
548 1618 663 1678 sonitus
686 1621 738 1678 aut
761 1637 819 1678 vox
841 1619 872 1677 in
895 1621 1022 1678 clamore
1045 1621 1122 1679 circa
1135 1631 1162 1678 15

101 1728 215 1786 corpus
239 1709 410 1769 dormientis
432 1707 475 1779 fit,
498 1707 542 1766 ita
565 1707 646 1782 quod
668 1726 717 1766 aer
741 1708 778 1768 ob
794 1706 850 1767 hoc
864 1707 976 1781 reboat,
1000 1727 1050 1767 aar
1072 1709 1123 1770 ille

101 1799 236 1859 exterior
263 1817 369 1873 aerem,
400 1797 453 1873 qui
480 1796 510 1854 in
533 1795 651 1854 homine
680 1799 737 1870 est,
769 1797 952 1873 reverberat,
983 1797 1124 1873 quoniam

102 1892 138 1948 et
161 1883 306 1947 elementa
327 1888 359 1945 in
381 1885 498 1946 homine
521 1888 600 1946 sunt.
646 1885 686 1944 Et
708 1886 805 1944 anima
827 1886 859 1946 in
881 1885 999 1945 homine
1026 1905 1123 1946 aerem

102 1979 224 2036 motum
247 1976 375 2036 seutieue
396 1974 484 2034 illum
506 1975 642 2035 retractis
664 1973 778 2034 viribus
800 1974 862 2034 suis
886 1974 923 2033 ad
938 1974 1123 2052 vigilandum

103 2068 216 2126 movet.
246 2064 338 2140 Saepe
353 2083 424 2125 vero
440 2063 545 2138 evenit,
568 2062 650 2139 quod
671 2063 780 2139 aliquis
802 2062 890 2125 homo
906 2065 954 2124 vel
969 2065 1122 2140 repentino
1137 2077 1164 2122 uc

105 2155 238 2231 strepitu
260 2154 308 2214 vel
329 2156 412 2214 tactu
434 2153 483 2212 vel
505 2153 564 2212 alio
588 2152 722 2228 quolibet
743 2153 831 2213 modo
850 2156 969 2229 repente
992 2157 1023 2213 et
1045 2153 1121 2213 ditii-

106 2245 207 2306 culter
229 2243 360 2320 erigilet.
388 2241 475 2301 Unde
496 2259 587 2302 venae
609 2245 639 2300 et
661 2243 781 2318 sangnis
804 2242 867 2302 eius
889 2243 920 2302 in
942 2243 1124 2302 contrarium

110 2333 237 2393 modum
259 2332 434 2407 excitantur,
458 2331 501 2389 ita
524 2329 606 2406 quod
627 2331 801 2390 multotiens
825 2331 862 2390 ob
885 2331 986 2392 hocin
1002 2351 1124 2408 corpore

111 2423 195 2482 dolet
228 2425 282 2480 aut
304 2421 385 2497 quod
410 2423 527 2480 acutam
549 2419 661 2479 febrem
685 2423 738 2480 aut
759 2421 916 2480 tertianam
943 2421 1056 2480 febrem
1078 2423 1122 2479 in·

109 2512 213 2582 currit
237 2510 308 2586 quia
330 2510 427 2572 anima
450 2509 513 2568 eius
535 2509 567 2567 in
589 2509 653 2586 ipso
672 2509 824 2584 repentina
839 2510 1028 2570 festinatione
1043 2515 1124 2570 mota
1137 2523 1164 2570 25

109 2604 163 2666 est.
208 2598 265 2658 Sed
295 2617 363 2658 cum
389 2597 509 2658 tandem
537 2601 619 2658 recta
647 2598 849 2658 moderatione
876 2598 965 2660 homo
993 2599 1123 2676 evigilat,

111 2690 227 2750 acutior
248 2689 280 2748 in
301 2688 419 2765 ingenio
442 2689 472 2746 et
494 2686 619 2746 hilarior
639 2687 671 2745 in
693 2687 782 2748 vultu
804 2688 978 2751 multotiens
993 2691 1123 2764 apparet,

111 2778 193 2857 quod
229 2781 301 2838 tunc
340 2776 438 2836 omnia
474 2775 607 2835 membra
642 2776 705 2836 eius
747 2778 953 2854 compaginata
986 2781 1057 2837 sunt
1093 2778 1124 2836 in

109 2885 222 2944 requie.

177 2957 224 3018 Dc
245 2955 344 3016 suomi
365 2955 526 3017 nimietate.
565 2952 680 3029 Siquis
703 2957 803 3014 autem
825 2956 956 3018 multum
980 2960 1010 3016 ot
1032 2974 1124 3031 supra
1136 2967 1164 3013 ³0

110 3046 233 3106 modum
255 3043 373 3120 dormit,
396 3044 524 3104 diversas
546 3047 578 3102 et
599 3043 690 3103 malas
709 3042 805 3102 febres
820 3044 888 3104 iude
903 3045 989 3104 facile
1004 3044 1126 3106 babebit

111 3139 200 3212 atque
223 3134 381 3211 caliginem
410 3133 564 3193 oculorum
595 3132 663 3191 inde
690 3133 828 3208 incurrit,
862 3134 933 3210 quia
960 3134 1039 3194 oculi
1062 3135 1125 3194 eius

111 3225 141 3284 in
173 3222 353 3284 dormitione
385 3240 476 3298 supra
512 3220 634 3280 modum
666 3221 719 3280 diu
749 3222 841 3280 clausi
876 3225 957 3299 sunt,
984 3223 1070 3283 velut
1100 3224 1125 3282 si

113 3312 220 3390 aliquis
242 3311 429 3388 splendorem
456 3310 527 3370 solis
557 3310 610 3370 din
637 3310 796 3386 inspiceret
822 3314 853 3371 et
878 3312 947 3370 inde
969 3311 1125 3389 caliginem

113 3404 266 3463 oculorum
289 3400 346 3460 sibi
367 3400 527 3460 induceret
573 3398 606 3458 Si
628 3399 695 3476 quis
711 3403 810 3460 autem
833 3401 981 3460 moderate
1004 3401 1123 3477 dormit,
1137 3411 1164 3457 35

114 3493 267 3552 sanitatem
283 3490 352 3550 inde
366 3489 495 3550 habebit
529 3484 589 3558 Qui
609 3506 677 3548 vero
692 3489 822 3549 multum
839 3491 869 3548 et
891 3507 981 3565 supra
1002 3490 1124 3550 modum

113 3581 230 3660 vigilat,
262 3577 445 3640 debilitatem
468 3578 599 3653 corporis
621 3577 749 3637 incurrit
777 3581 808 3638 et
833 3579 1021 3655 aliquantum
1046 3579 1124 3639 vires
