2662 3932
207 172 248 230 84
592 163 838 221 HILDEGARDIS

206 349 358 427 vigilantis
381 352 518 424 occupat,
550 349 593 409 ita
623 350 706 426 quod
736 351 787 410 ille
816 350 848 409 in
879 354 1054 427 tempestate
1084 350 1141 411 hac
1173 351 1249 411 ob·

206 438 326 510 dormit,
352 440 425 497 tuno
453 439 622 514 saepissime
648 439 723 498 falsa
750 441 828 512 sunt,
857 459 932 516 qnae
955 439 1104 500 dormiens
1132 440 1247 511 videt,

206 527 346 604 quoniam
377 526 498 587 scientia
525 528 639 586 animae
666 529 730 588 eins
759 529 790 586 in
812 528 858 588 his
881 529 1147 590 contrarietatibus
1169 529 1249 589 hoc

206 616 295 676 modo
318 615 490 676 obnubilata
512 620 569 689 est,
598 617 679 692 quod
701 636 772 678 vera
793 617 894 678 videre
916 637 974 678 non
997 621 1108 694 potest;
1141 619 1247 678 velut

180 706 279 764 sluna
302 705 333 764 in
359 705 586 781 tempestatibus
612 707 737 766 nubium
768 707 845 766 clare
877 727 936 768 non
962 708 1043 766 valet
1073 727 1243 784 apparere.
1318 743 1319 750 κ

206 795 246 854 Et
269 794 412 870 quoniam
435 795 532 854 anima
554 795 633 872 ignis
656 799 713 872 est,
745 795 872 856 halitum
896 797 1069 856 dormientis
1097 795 1243 856 hominis

206 883 356 943 moderate
376 884 492 944 inducit
505 887 536 943 et
554 884 661 960 educit,
684 903 721 944 ne
743 903 851 960 eorpus
872 885 952 946 illud
973 890 1119 958 vastetnr3
1143 886 1243 946 velut

205 973 318 1050 figulus
341 991 392 1032 vas
415 990 503 1032 suum
526 973 563 1032 ad
585 973 684 1050 ignem
707 991 835 1049 coquens
857 978 951 1051 cavet,
973 993 1010 1034 ne
1032 975 1111 1052 ignis
1134 993 1240 1052 supra

207 1061 329 1121 modum
352 1061 464 1122 calidus
488 1064 541 1120 aut
555 1061 685 1139 frigidus
700 1063 747 1135 sit,
770 1063 841 1138 quia
860 1065 885 1124 si
901 1063 1095 1124 immoderate
1111 1065 1239 1124 calidus

166 1162 194 1206 ro
208 1155 291 1222 esset,
314 1169 366 1210 vae
388 1149 495 1226 fragile
517 1151 630 1210 factum
652 1171 687 1210 ex
709 1155 773 1212 toto
797 1152 985 1215 dilaberetur.

273 1241 321 1300 Dc
342 1239 447 1302 tolita.
493 1239 579 1310 Quod
611 1241 636 1299 si
665 1239 755 1300 homo
787 1241 916 1301 halitum
946 1240 1165 1319 ingredientem
1197 1246 1236 1301 st

206 1329 406 1405 egredientem
429 1347 459 1387 sc
482 1347 541 1388 non
563 1328 693 1406 haberet,
715 1334 788 1390 tunc
810 1331 901 1390 etiam
924 1331 1070 1408 corporali
1093 1331 1235 1390 motione

206 1423 319 1477 careret
341 1436 394 1476 nec
415 1418 536 1495 sanguia
559 1419 622 1478 eius
649 1418 786 1499 liquidus
816 1424 891 1480 esset
917 1439 971 1480 neo
998 1421 1116 1490 flueret,
1149 1420 1234 1480 sicut

207 1509 296 1566 etiam
319 1524 371 1565 nec
394 1525 472 1582 aqua
493 1506 562 1567 fluit
585 1509 647 1566 sine
671 1507 765 1567 ductu
789 1509 873 1570 aeris.

167 1607 194 1652 rs
275 1594 321 1655 De
342 1596 463 1654 calmae
485 1600 512 1656 et
534 1598 638 1656 corais
660 1600 876 1660 carrariam.
922 1596 981 1657 Sed
1008 1597 1160 1657 stenima
1184 1601 1233 1656 ast

208 1683 390 1760 spiraculum
412 1683 450 1742 ad
476 1684 553 1744 bona
579 1686 715 1762 tendens,
747 1705 815 1747 caro
843 1688 943 1746 autem
971 1685 1008 1744 ad
1031 1691 1165 1762 peccata,
1200 1694 1233 1746 et

207 1791 274 1832 raro
299 1775 329 1832 et
350 1774 400 1833 vix
423 1792 530 1850 corpus
553 1774 703 1834 interdum
723 1776 871 1836 continere
892 1779 999 1852 potest,
1022 1776 1095 1852 quin
1117 1779 1231 1851 peccet,

208 1863 287 1922 siout
309 1866 340 1922 at
362 1864 407 1922 sol
428 1864 599 1923 vermiculis
621 1864 756 1924 resistere
779 1883 840 1924 non
862 1866 955 1938 valet,
986 1865 1058 1941 quin
1089 1864 1124 1924 de
1147 1867 1232 1924 terra

207 1951 238 2010 in
260 1951 314 2010 illo
336 1952 401 2012 loco
424 1956 539 2028 exeant,
568 1971 657 2029 quem
679 1954 741 2030 ipse
763 1955 795 2012 in
818 1954 973 2030 splendore
997 1957 1028 2014 et
1050 1954 1150 2014 calore
1173 1972 1229 2014 suo

168 2050 196 2096 ao
209 2041 353 2101 calefacit.
400 2039 510 2101 Sedet
545 2043 642 2101 anima
661 2046 706 2101 est
734 2041 900 2103 insufflatio
927 2043 1059 2118 corporis
1089 2047 1126 2102 ut
1148 2043 1231 2102 follis

208 2129 293 2206 ignis,
317 2130 395 2206 quia,
418 2129 471 2190 ubi
493 2130 577 2207 ligna
600 2135 630 2191 ot
643 2151 756 2208 prunae
772 2135 934 2209 ponuntur,
957 2131 1000 2191 ibi
1022 2132 1103 2192 follis
1127 2131 1229 2210 ignem

209 2217 354 2293 accendit,
385 2220 428 2277 ita
457 2220 546 2278 etiam
573 2223 604 2278 et
630 2222 728 2280 anima
758 2240 825 2280 oum
853 2239 976 2296 corpore
1006 2225 1037 2281 et
1059 2221 1174 2282 ossibus
1199 2223 1231 2280 at

209 2307 308 2368 nervis
332 2310 361 2367 et
376 2327 462 2368 earne
478 2309 684 2386 compaginata
707 2309 744 2369 ad
768 2329 902 2386 quaeque
925 2329 1014 2386 opera
1038 2327 1068 2369 se
1090 2310 1231 2382 inclinat3

210 2415 264 2457 nec
286 2396 357 2456 haec
381 2397 531 2457 dimittere
552 2401 664 2474 potest,
697 2398 841 2474 quamdiu
862 2401 894 2458 in
917 2417 1039 2476 corporo
1068 2401 1127 2470 ert,
1158 2399 1233 2475 quia

170 2496 198 2541 ro
211 2485 343 2545 medulla
366 2486 479 2546 ossibus
502 2490 533 2546 at
556 2488 636 2546 carni
667 2491 757 2563 atque
790 2488 926 2548 omnibus
954 2487 1093 2548 membris
1120 2488 1165 2547 ita
1185 2488 1232 2546 in·

211 2576 269 2634 fixa
292 2579 337 2635 est
358 2579 395 2635 ut
415 2574 517 2651 homo,
546 2576 599 2651 qui
621 2579 727 2637 trunco
749 2577 825 2654 ligni
848 2579 889 2637 sic
911 2578 1062 2655 infigitur,
1095 2576 1178 2653 qnod
1201 2595 1234 2637 se

212 2663 248 2723 ab
271 2665 324 2724 illo
347 2683 450 2724 eruere
469 2684 528 2724 non
543 2665 632 2726 valet.
664 2667 805 2726 Attamen
820 2669 950 2743 utaque
965 2667 1064 2744 ignem
1078 2666 1235 2726 interdum

213 2753 371 2830 extinguit,
387 2773 423 2812 ne
438 2771 529 2828 supra
544 2754 665 2814 modum
682 2755 789 2828 ardeat,
812 2756 854 2816 sic
868 2758 899 2814 et
914 2755 1013 2815 anima
1030 2774 1084 2831 per
1099 2755 1235 2832 gratiam

215 2842 263 2900 dei
286 2841 388 2900 adiuta
411 2846 441 2902 et
463 2861 516 2917 per
537 2844 771 2904 rationalitatem
788 2845 940 2904 admonita
955 2845 1030 2904 vitia
1044 2848 1237 2920 peccatorum

178 2941 207 2987 ³0
220 2930 379 3006 aliquando
404 2931 553 3007 deprimit,
576 2951 612 2990 ne
635 2950 726 3009 supra
748 2932 870 2992 modum
894 2939 1054 3011 exsurgant
1076 2937 1108 2993 et
1126 2952 1237 2993 exares-

221 3023 298 3083 cant.
325 3017 382 3078 Sed
404 3023 563 3096 postquam
585 3021 716 3081 medulla
739 3023 911 3082 dormientis
928 3022 1081 3084 crescendo
1104 3026 1238 3082 recreata

221 3108 325 3179 fuerit,
359 3113 389 3168 et
410 3113 568 3185 postquam
591 3110 689 3170 anima
709 3114 803 3171 totam
831 3112 1035 3190 compaginem
1063 3111 1238 3172 dormientis

222 3198 352 3274 eorporis
368 3199 574 3276 composuerit,
589 3200 654 3275 ipsa
669 3218 789 3260 suavem
804 3203 934 3276 rentum,
952 3220 1041 3278 quem
1056 3200 1092 3260 de
1106 3201 1239 3260 medulla

222 3288 259 3345 ad
283 3287 411 3364 quietem
434 3287 562 3348 hominis
585 3289 695 3361 emisit,
720 3290 757 3349 ad
780 3308 810 3350 se
832 3290 995 3367 recolligit,
1029 3293 1059 3350 et
1086 3290 1127 3349 sic
1150 3289 1238 3350 homo

179 3387 207 3431 35
221 3376 350 3449 evigilat
396 3375 472 3436 (lum
506 3380 607 3438 autem
643 3379 795 3438 interdum
829 3397 915 3454 saepe
948 3379 1068 3456 vigilat,
1105 3381 1136 3438 et
1171 3397 1239 3438 cnm

222 3467 330 3526 iterum
363 3467 472 3525 totiens
500 3471 622 3542 repente
652 3468 812 3544 obdormit,
844 3472 917 3527 tunc
950 3467 1080 3528 medulla
1106 3468 1239 3527 nondum

185 3593 187 3598 -
219 3555 434 3631 plenitudinem
471 3561 501 3616 et
537 3556 745 3617 fortitudinem
783 3576 868 3618 suam
905 3557 1027 3632 recepit,
1064 3574 1117 3616 nec
1148 3557 1239 3616 etiam
