2662 3932
97 149 99 174 ¹
218 159 259 218 70
602 150 849 207 sunucrsnrs

217 337 307 396 etiam
328 336 360 394 in
381 336 512 411 procella
534 335 737 394 delectationis
751 338 861 394 natura
874 335 934 394 viri
949 335 1070 396 difficile
1086 340 1260 415 compesci

218 429 249 485 et
279 425 422 484 contineri
453 424 541 486 valet
594 422 652 483 Sed
682 425 714 484 in
744 425 844 498 undis,
875 444 951 501 quae
983 425 1019 484 de
1050 426 1110 485 leni
1141 431 1260 487 vento

216 516 353 591 surgunt,
382 517 413 573 et
435 513 466 571 in
493 513 644 590 procellis,
677 533 754 591 quae
781 513 818 572 do
844 513 961 574 leuibus
987 513 1162 574 turbinibus
1201 536 1255 576 as·

217 603 359 678 cendunt,
390 603 527 662 navicula
550 603 686 679 quamvis
708 623 762 680 per
783 602 915 662 laborem
938 604 1084 664 contineri
1106 606 1256 680 poterit3

189 696 249 756 eet
275 692 318 751 sic
345 695 390 750 est
416 694 524 751 natura
549 692 684 751 mulieris
710 693 743 750 in
770 692 978 766 delectatione,
1009 694 1082 769 quia
1113 695 1254 754 facilius

218 781 362 857 compesci
384 783 481 858 potest
504 800 595 857 quam
616 785 725 840 nutura
747 781 952 841 delectationis
973 782 1042 843 viri.
1085 779 1162 841 Nam
1195 784 1253 842 de·

217 870 338 930 lectatio
353 869 385 928 in
399 870 464 930 viro
480 870 543 947 igni
566 870 765 946 assimulatur,
790 871 843 946 qui
864 870 1012 929 interdum
1034 871 1250 949 extinguitur,

217 960 368 1019 interdum
391 959 567 1029 accenditur,
592 959 664 1034 quia
678 959 764 1035 ignis,
789 958 842 1036 qui
857 959 973 1018 assidue
988 960 1113 1037 arderet,
1136 963 1252 1021 multa

218 1052 416 1121 consumeret3
443 1049 487 1107 ita
512 1047 602 1107 etiam
629 1048 786 1108 delectatio
809 1048 961 1108 interdum
982 1049 1014 1107 in
1036 1050 1102 1109 viro
1124 1051 1249 1128 surgit,

178 1154 206 1201 10
218 1138 369 1198 interdum
397 1137 489 1212 cadit,
522 1136 674 1212 quoniam,
704 1137 730 1197 si
758 1156 872 1212 semper
899 1138 931 1196 in
954 1157 988 1198 eo
1010 1138 1153 1215 ferveret,
1191 1141 1249 1199 vir

218 1247 282 1287 eam
304 1227 425 1286 sufferre
447 1243 506 1285 non
528 1229 637 1302 posset.

284 1317 331 1376 De
353 1315 492 1390 uirilibus
514 1319 542 1374 ct
563 1315 706 1379 solariete.
739 1314 867 1386 Quidam
890 1317 991 1374 autem
1014 1316 1138 1376 masculi
1154 1322 1245 1394 sunt,

219 1405 272 1481 qui
302 1403 405 1463 viriles
437 1403 593 1480 exsistunt,
628 1408 659 1464 et
682 1405 715 1464 hi
742 1405 896 1464 cerebrum
929 1405 1007 1464 forte
1041 1407 1072 1464 et
1105 1408 1245 1482 spissum

217 1493 336 1552 habent.
381 1491 474 1552 (iuius
501 1493 659 1554 exteriores
686 1495 823 1570 venulae,
857 1512 933 1570 quae
963 1494 1135 1570 pelliculam
1169 1497 1243 1554 eius

178 1599 205 1646 15
218 1582 376 1657 continent,
400 1582 588 1657 aliquantmn
609 1584 718 1643 rubeae
741 1586 820 1646 sunt.
852 1582 893 1641 Et
915 1582 997 1642 color
1018 1583 1106 1642 faciei
1129 1603 1243 1644 eorum

218 1671 405 1748 aliquantum
438 1669 623 1731 rubicundus
655 1673 740 1732 velut
772 1673 804 1730 in
840 1671 1017 1748 quibusdam
1050 1673 1240 1750 imaginibus

217 1759 345 1837 videtur,
378 1761 431 1837 qui
453 1761 546 1820 rubeo
569 1761 667 1821 colore
689 1762 870 1833 colorantur,
898 1764 929 1820 et
951 1761 1060 1837 spissas
1082 1781 1116 1822 ac
1138 1763 1241 1822 fortes

218 1867 309 1914 venas
342 1849 464 1925 habent,
509 1869 584 1926 quae
622 1850 774 1909 ardentem
808 1851 981 1927 sanguinem
1016 1851 1092 1910 cerei
1126 1852 1240 1912 coloris
1311 1869 1312 1941 l

217 1942 345 2016 portant,
377 1942 408 2000 et
436 1939 522 2016 spissi
549 1939 627 1999 circa
654 1944 758 2015 pectus
785 1942 856 1999 sunt
885 1943 978 2026 atque
1002 1940 1092 1999 fortia
1114 1939 1240 2000 brachia

178 2032 333 2102 rutenent3
355 2029 406 2088 sed
429 2027 514 2087 valde
536 2029 662 2106 pingues
684 2047 742 2088 nou
766 2033 845 2100 sunt,
870 2029 1012 2105 quoniam
1034 2029 1125 2089 fortes
1141 2049 1237 2090 venae

219 2121 250 2178 et
272 2118 360 2177 fortis
383 2117 503 2193 sanguis
526 2136 559 2175 oc
581 2117 673 2176 fortia
694 2118 827 2177 membra
849 2135 949 2177 carnes
972 2136 1075 2177 eorum
1090 2118 1121 2176 in
1136 2120 1237 2179 multa

218 2206 399 2284 pinguedine
420 2206 576 2265 incrassari
599 2225 657 2266 non
679 2207 867 2284 permittunt

286 2296 331 2355 Dc
357 2296 488 2356 renibus.
533 2293 649 2354 Ventus
682 2314 813 2372 quoque,
844 2295 898 2372 qui
927 2295 959 2354 in
988 2294 1099 2354 lumbis
1130 2314 1235 2356 eorum

219 2387 271 2456 est,
294 2383 390 2461 magis
411 2383 516 2460 igneus
540 2403 631 2459 quam
652 2386 791 2445 ventosus
813 2387 873 2458 est;
898 2385 951 2460 qui
966 2384 1026 2444 dno
1041 2385 1234 2444 tabernacula
1309 2455 1310 2483 1

178 2489 206 2535 25
220 2472 276 2532 sibi
303 2473 423 2533 subdita
449 2472 551 2545 habet,
582 2473 613 2531 in
642 2492 719 2550 quae
745 2475 798 2532 ilat
824 2476 861 2532 ut
887 2473 918 2533 in
945 2473 1057 2535 follem.
1100 2473 1141 2533 Et
1163 2474 1234 2535 baec

219 2562 410 2622 tabernacula
437 2563 562 2638 stirpem
589 2563 722 2621 omnium
749 2563 862 2622 virium
892 2562 1020 2622 hominis
1050 2563 1234 2622 circumdant

220 2655 250 2711 et
273 2652 300 2711 ei
322 2652 353 2710 in
376 2651 560 2711 adiutorium
584 2655 666 2728 sunt,
694 2655 731 2711 nt
759 2652 859 2728 aliqua
881 2671 973 2728 parva
996 2651 1127 2712 aedificia
1149 2653 1233 2712 iuxta

220 2741 329 2800 turrim
351 2741 462 2816 posita,
492 2759 568 2816 quae
591 2741 675 2799 illam
698 2740 868 2801 defendunt.
914 2741 959 2800 Ao
980 2741 1047 2801 ideo
1071 2740 1131 2801 duo
1154 2745 1231 2814 sunt,

220 2832 257 2887 ut
278 2832 362 2888 tanto
386 2829 496 2889 fortius
518 2830 703 2905 praedictam
725 2831 849 2906 stirpem
863 2829 1047 2890 circumdent
1061 2833 1092 2889 et
1106 2830 1232 2890 solident

180 2928 207 2973 eu
223 2936 256 2976 ao
277 2920 405 2993 teneant,
429 2921 459 2977 et
480 2922 518 2977 ut*
538 2922 622 2978 tanto
642 2920 752 2978 fortius
767 2922 798 2978 et
813 2919 912 2995 aptius
927 2920 1095 2993 praefatum
1110 2922 1231 2979 ventum

223 3007 370 3082 excipiant
392 3011 423 3066 et
446 3008 483 3066 ad
506 3027 537 3066 se
559 3007 687 3080 trabant,
712 3011 742 3067 et
762 3011 798 3067 ut
825 3008 990 3085 aequaliter
1005 3028 1074 3068 sum
1089 3008 1230 3080 emittant,

222 3097 307 3155 velut
322 3096 382 3155 duo
398 3097 493 3171 folles,
517 3098 569 3173 qui
585 3097 750 3174 aequaliter
765 3098 838 3156 flant
851 3098 883 3156 in
898 3097 1005 3175 ignem.
1043 3097 1128 3157 Unde
1143 3098 1229 3157 etiam

222 3203 291 3244 cum
315 3184 436 3244 eandem
458 3186 582 3262 stirpem
604 3187 636 3245 in
658 3187 771 3246 virtute
794 3205 848 3246 sue
870 3186 998 3263 erigunt,
1026 3206 1092 3247 eam
1114 3187 1230 3246 fortiter
1306 3233 1307 3299 ,

221 3277 332 3346 tenent,
355 3277 385 3333 et
406 3275 450 3333 ita
473 3275 573 3334 eadem
596 3275 687 3351 stirps
710 3276 829 3335 frondet
850 3276 882 3334 in
903 3275 1025 3351 prolem

180 3371 208 3418 35
289 3364 367 3424 Item
399 3363 435 3424 dc
463 3364 548 3425 Adue
579 3365 678 3428 audio.
725 3363 800 3424 (lum
832 3365 910 3424 enim
940 3364 1039 3424 Adam
1069 3383 1171 3426 caecus
1200 3369 1228 3424 et

225 3453 333 3513 surdus
355 3453 387 3512 iu
409 3454 640 3532 transgressione
663 3455 760 3514 factus
784 3458 842 3530 est,
871 3453 943 3513 haec
972 3455 1018 3513 vis
1049 3454 1080 3513 in
1112 3454 1227 3514 exilium

224 3543 308 3602 etin
330 3543 455 3603 alienam
477 3561 541 3604 rem
563 3544 594 3602 in
617 3562 651 3604 eo
675 3544 746 3620 ivit,
778 3546 809 3603 et
834 3543 866 3601 in
892 3542 1043 3619 praedicta
1065 3543 1129 3602 loca
1151 3544 1223 3619 geni·
