2662 3932
383 151 527 209 CAUSAE
545 153 592 208 ΕΤ
611 153 816 211 11111111.
835 156 870 212 II.
1068 162 1131 222 123
1158 228 1161 236 ,

98 339 233 410 tulerit,
262 338 361 398 minus
388 338 457 396 inde
480 337 601 410 dolebit,
639 359 729 414 quarn
762 340 788 398 ei
818 341 949 400 multum
981 342 1133 418 sanguinis

99 430 137 488 in
163 429 305 488 mediana
328 427 452 488 auferat.
497 426 537 486 rt
566 431 628 486 tam
661 427 693 486 in
724 427 820 487 hieme
852 448 943 504 quam
969 430 1001 489 in
1024 433 1133 490 aestate

98 519 137 576 in
154 521 292 594 utroque
306 515 426 576 brachio
441 516 474 574 in
488 516 647 592 praedictis
662 517 744 576 venis
759 517 847 577 homo
862 518 986 578 licenter
1000 520 1132 580 minuere

98 607 229 683 poterit
251 606 413 666 secundnm
437 605 613 682 qualitatem
636 605 845 666 infirmitatum
868 625 998 668 enarum.
1040 610 1081 668 ut
1102 609 1134 667 in

99 696 156 755 his
184 695 284 756 tribus
306 695 397 770 venis,
420 694 532 754 scilicet
554 695 586 752 in
614 694 771 771 cephalica,
806 695 836 753 in
870 696 1006 755 mediana
1038 702 1070 758 et
1101 699 1160 756 ins

101 786 231 862 epatica
252 785 411 862 praecipue
433 783 561 842 minutio
585 783 737 861 sanguinis
759 783 820 860 fiat,
848 785 919 860 quia
940 785 1021 861 ipsae
1043 806 1133 846 venae

100 875 200 934 velut
223 876 313 950 caput
339 877 370 933 et
401 872 628 932 fundamentum
658 873 785 932 aliarum
815 891 956 933 venarum
990 879 1069 951 sunt,
1103 880 1134 935 et

104 963 258 1040 quoniam
292 980 392 1022 omnes
415 965 528 1021 ceterae
550 962 675 1020 venulae
698 962 736 1020 ad
758 962 838 1038 ipsas
860 963 988 1022 tendunt
1009 966 1040 1022 et
1061 965 1133 1040 ipsis

105 1070 246 1112 annexae
273 1056 362 1142 punt3
396 1055 427 1110 11
457 1050 525 1110 ideo
559 1054 672 1110 ceterae
700 1051 824 1111 venulae
859 1069 927 1112 raro
954 1051 1132 1130 incidantur,

105 1141 261 1218 quoniam.
281 1159 330 1201 eas
351 1139 443 1200 incidi
465 1158 524 1199 non
548 1141 675 1215 oportet,
702 1141 760 1199 nisi
787 1159 842 1217 pro
870 1160 978 1219 magna
1008 1143 1174 1202 necessi-10

104 1236 187 1304 tete,
210 1249 248 1292 ne
270 1230 349 1290 forte
372 1229 541 1288 ariditatem
564 1229 728 1305 incurrant,
761 1229 901 1306 qnoniam
929 1231 955 1290 si
981 1250 1041 1307 qna
1062 1231 1131 1290 ista·

104 1340 185 1379 rum
217 1319 427 1396 principalium
457 1317 601 1378 inciditur
633 1321 663 1377 ct
690 1319 833 1396 sangnine
860 1322 1030 1392 evacuatur,
1050 1323 1136 1380 ,11111

106 1415 142 1470 et
166 1409 301 1483 venulae,
335 1427 411 1484 quae
439 1407 477 1466 ad
504 1407 572 1466 illas
605 1425 733 1468 annexae
764 1411 842 1484 sunt,
876 1409 1066 1485 aliquantum
1098 1409 1135 1468 de
1171 1425 1173 1430 ’

107 1499 203 1558 malis
225 1497 409 1573 humoribus,
433 1496 487 1574 qni
508 1497 540 1554 in
567 1497 640 1574 ipsis
667 1500 747 1572 sunt,
773 1498 960 1562 minuuntur.
1004 1498 1036 1558 Si
1065 1518 1135 1559 vero

110 1589 221 1664 aliqua
235 1586 394 1646 earundem
414 1587 591 1646 venularum
613 1586 766 1662 inciditur,
789 1587 967 1663 principales
989 1607 1081 1648 venae
1104 1591 1135 1647 11
1149 1599 1176 1645 15

109 1678 192 1736 aliae
212 1675 340 1736 ‚venulae
363 1677 390 1735 ei
413 1675 604 1736 adhaerentes
631 1693 690 1736 non
716 1675 850 1735 multum
871 1675 909 1735 ob
932 1675 987 1736 hoc
1009 1677 1136 1737 minora·

110 1767 230 1826 tionem
252 1765 404 1842 sanguinis
426 1765 474 1824 eui
497 1765 528 1823 in
551 1783 581 1824 se
613 1765 753 1825 sentiunt.
796 1763 872 1822 Nam
901 1765 927 1823 si
959 1766 994 1825 de
1025 1783 1135 1843 magno

111 1855 239 1915 flumine
262 1853 352 1913 multi
374 1853 466 1913 rivuli
489 1853 625 1929 effluunt,
649 1858 679 1914 et
700 1855 727 1914 ei
741 1856 813 1913 tunc
829 1854 949 1913 aliunde
964 1873 1018 1931 per
1035 1855 1135 1914 volun·

112 1949 211 2004 tatem
245 1941 399 2002 hominum
432 1943 534 2019 aliqua
565 1963 640 2002 vena
662 1943 699 2002 ab
723 1942 825 2003 eodem
846 1943 967 2002 flumine
989 1943 1135 2019 educitur,

114 2051 219 2093 omnes
241 2031 342 2108 rivuli,
377 2032 431 2108 qni
459 2033 495 2092 ab
525 2051 561 2092 eo
587 2033 700 2104 fluunt,
733 2032 959 2092 minorationem
989 2051 1135 2108 aquarum
1149 2043 1177 2089 au

116 2125 161 2182 eis
184 2121 328 2182 sentiunt.
373 2119 405 2180 Si
428 2123 528 2181 autem
551 2121 588 2180 de
611 2123 713 2198 aliquo
736 2121 835 2182 rivulo
851 2122 879 2181 ei
895 2120 1069 2181 adhaerente
1084 2121 1135 2180 ali·

116 2231 179 2288 qua
201 2229 276 2271 vena
297 2228 393 2286 aquae
416 2210 565 2286 educitur,
593 2212 704 2271 fluvius
731 2210 783 2270 ille
809 2214 840 2270 et
863 2211 914 2269 alii
936 2211 1029 2270 rivuli
1052 2229 1133 2289 agre-

116 2301 233 2362 dientee
262 2299 491 2359 minorationem
521 2319 667 2376 aquarum
695 2318 818 2359 suarum
841 2300 879 2359 ob
902 2299 958 2360 hoc
979 2320 1038 2360 non
1061 2301 1136 2360 mul·

117 2394 188 2448 tum
210 2388 350 2463 sentiunt,
373 2387 424 2448 sed
446 2391 565 2448 tantum
587 2389 705 2448 rivulus
727 2385 787 2462 ille,
811 2389 847 2449 de
870 2408 930 2466 qno
946 2389 1047 2449 eadem
1061 2409 1137 2448 vena

118 2479 229 2538 educta
251 2481 304 2549 est,
334 2478 366 2536 in
397 2495 429 2537 se
455 2478 521 2554 ipso
548 2478 715 2538 minoratur
742 2482 773 2537 11
796 2479 910 2539 erescit.
957 2478 1176 2538 1111111111

117 2568 191 2628 cisio
213 2567 432 2643 praedictarum
454 2567 665 2643 principalium
686 2586 830 2627 venarum
851 2568 882 2625 in
901 2567 1056 2626 inflexione
1071 2565 1135 2626 bra-

118 2656 255 2716 chiorum
281 2656 342 2731 fiat,
376 2656 448 2732 quia
473 2675 542 2740 cum
568 2656 680 2716 ibidem
706 2674 781 2715 vena
812 2656 964 2728 inciditur,
997 2656 1136 2715 humores

119 2745 216 2822 magis
238 2744 282 2803 ibi
304 2745 510 2804 coadunantur
532 2765 625 2822 quam
639 2746 671 2804 in
686 2746 751 2805 loco
766 2745 830 2820 illo,
853 2745 912 2828 ubi
921 2745 1004 2804 nulla
1019 2745 1136 2804 inflexio

120 2837 174 2896 est.
220 2832 307 2904 Quod
337 2834 363 2894 si
390 2835 499 2894 venula
522 2834 622 2910 aliqua
644 2838 698 2894 aut
724 2853 814 2910 super
841 2837 941 2893 artum
968 2838 1021 2894 aut
1048 2851 1138 2910 super

119 2922 227 2999 pedem
250 2923 357 2982 autin
379 2924 487 3000 pollice
510 2927 564 2983 ant
586 2923 706 2983 aliunde
729 2924 760 2981 in
783 2941 907 3000 corpore
929 2923 1057 2983 hominis
1079 2941 1136 2999 pro
1150 2933 1178 2979 30

120 3013 223 3088 aliqua
236 3012 409 3072 infirmitate
424 3013 574 3084 inciditur,
596 3016 715 3089 praeter
733 3013 918 3073 inflexionem
939 3012 1136 3087 brachiorum,

120 3100 261 3178 prodesse
284 3100 406 3178 quidem
429 3102 617 3178 aliquantum
638 3101 685 3160 illi
706 3102 826 3178 poterit,
853 3102 904 3161 sed
927 3102 1011 3160 nulla
1034 3101 1137 3162 incisio

120 3193 241 3252 tantum
262 3191 343 3250 valet
366 3195 512 3267 quantum
533 3191 594 3267 illa,
618 3191 748 3266 quaein
770 3191 926 3250 inflexione
947 3190 1137 3250 brachiorum

121 3279 156 3339 fit
178 3280 210 3338 in
232 3277 400 3356 praedictis·
414 3280 513 3340 tribus
539 3280 754 3356 principalibus
781 3281 870 3340 venis.
915 3278 1014 3339 Homo
1038 3281 1138 3338 autem

123 3369 185 3428 sive
207 3369 356 3428 masculus
388 3369 449 3430 eive
475 3369 586 3428 femina
616 3369 664 3444 eit,
697 3369 767 3428 dum
791 3369 822 3428 in
844 3369 1000 3428 inventute
1022 3386 1076 3428 sna
1106 3371 1136 3428 et
1151 3378 1179 3424 35

122 3458 152 3516 in
174 3457 363 3534 longitndine
384 3461 415 3518 et
436 3459 468 3517 in
490 3457 690 3535 1111111111
707 3457 885 3517 naturaliter
900 3456 1011 3532 crescit,
1034 3475 1139 3517 venam

127 3546 165 3605 ad
192 3546 386 3607 minuendum
416 3547 589 3623 sangninem
620 3546 740 3606 interim
767 3564 826 3605 non
852 3543 975 3617 incidat,
1003 3545 1139 3620 quamuis
