2680 3938
205 175 246 234 62
591 165 837 221 HlnDIeGARDIS

204 371 296 414 venae
318 354 418 411 tantae
445 350 631 410 fortitudinis
658 351 748 426 fiunt,
777 349 858 427 quod
887 348 1062 426 sanguinem
1095 349 1251 409 retinere

204 443 336 518 possunt.
381 441 421 499 Et
447 443 520 500 tunc
546 440 642 499 iniens
664 444 759 498 matre
788 439 930 499 sentiente
952 441 1103 512 movetur,
1137 439 1251 516 quasi

204 533 325 607 repente
352 530 509 602 excitetur,
544 549 578 589 10
612 529 717 590 deinde
755 546 870 605 semper
903 526 1022 587 mobilis
1059 529 1247 603 permanet.

204 619 292 692 Nam,
322 622 358 678 ut
380 619 567 695 praedictum
589 622 645 694 est,
679 618 780 677 vivens
807 619 926 693 ventus,
960 617 1012 693 qui
1042 617 1142 675 enime
1172 619 1245 693 est,

178 722 259 786 5per
281 709 466 768 voluntatem
488 707 698 785 omnipotentis
726 707 773 766 dei
799 707 928 784 figuram
955 706 1043 765 istam
1070 705 1166 765 intrat
1204 709 1245 765 et

204 817 270 857 eem
291 798 390 857 firmet
416 798 597 874 vitalemque
625 795 697 855 fecit
727 814 761 855 ac
787 797 818 855 in
847 796 911 872 ipse
941 795 1075 872 undique
1103 796 1240 871 circuit,

203 888 289 948 velut
311 887 432 958 vermis,
461 887 514 964 qui
537 886 664 946 sericum
686 885 773 956 texit,
805 885 836 944 in
860 904 920 961 quo
947 886 1037 943 utin
1060 884 1149 944 domo
1173 883 1239 944 ob-

155 1027 159 1034 .
203 977 319 1054 tegitur
342 978 373 1035 et
393 975 567 1036 includitur.
606 974 708 1050 Atque
731 975 825 1033 sicin
847 973 1023 1050 hecfigure
1046 974 1144 1049 sentit,
1169 973 1239 1032 ubi

204 1067 302 1125 anima
324 1064 427 1136 dividi,
449 1063 601 1124 incurvari
624 1066 655 1123 et
676 1063 814 1122 inclinari
835 1065 943 1139 potest,
966 1066 996 1122 et
1018 1063 1107 1122 etiam
1122 1063 1237 1122 omnia

166 1156 270 1214 101001
303 1172 448 1215 venarum
480 1152 647 1214 consideret
682 1156 712 1212 et
746 1153 879 1229 primum
917 1152 997 1228 ipses
1031 1153 1158 1212 exsiccat
1193 1152 1236 1210 in

204 1245 328 1303 modum
356 1261 443 1302 caree
469 1241 643 1301 harundinis
674 1260 708 1301 10
736 1259 783 1300 eas
811 1241 891 1301 carni
922 1241 1035 1318 infigit,
1071 1260 1162 1317 quam
1189 1241 1232 1299 in

203 1333 344 1392 ruborem
366 1331 518 1408 sanguinis
542 1331 638 1390 oelore
660 1331 739 1410 ignis
762 1332 810 1390 sui
833 1330 988 1406 convertit,
1017 1330 1098 1408 quod
1122 1331 1231 1388 anima

204 1422 281 1499 ignis
304 1423 362 1492 est;
384 1420 463 1479 unde
486 1423 516 1479 et
539 1419 699 1497 spiramine
720 1437 774 1479 suo
798 1423 892 1479 totam
907 1419 1037 1497 figurem
1052 1419 1136 1478 illam
1151 1439 1229 1496 per-

205 1510 318 1586 fundit,
351 1509 429 1568 siout
451 1512 482 1568 et
504 1512 569 1569 tota
591 1509 696 1569 domus
719 1528 773 1586 per
799 1509 911 1587 ignem,
945 1509 999 1585 qni
1026 1509 1057 1567 in
1084 1508 1150 1584 ipse
1178 1509 1227 1584 fit,

164 1613 191 1658 15
203 1599 401 1672 illuminatur,
425 1603 457 1660 et
480 1617 579 1659 omnes
601 1618 691 1659 veneo
714 1599 780 1657 1001
802 1617 865 1674 sua,
890 1597 999 1674 quibus
1022 1600 1227 1673 continentur,

203 1688 345 1764 retinent,
377 1691 414 1747 ut
440 1689 532 1748 etiem
560 1691 641 1747 terre
667 1707 736 1749 oum
766 1687 852 1766 aquis
884 1687 1063 1748 continetur.
1111 1686 1227 1746 Anime

204 1780 305 1837 eutem
331 1778 468 1839 omnibus
499 1778 564 1837 istis
592 1777 752 1854 praedictis
782 1779 818 1835 ut
851 1776 938 1836 vivus
966 1795 1016 1835 aer
1046 1777 1225 1853 sanguinem

203 1868 295 1927 fluere
326 1868 436 1929 faciens
468 1870 524 1942 est,
556 1885 590 1926 eo
622 1885 739 1926 oernem
771 1885 839 1924 oum
873 1865 1035 1944 sanguineo
1066 1865 1161 1924 livore
1190 1866 1223 1924 in

203 1956 306 2016 sedula
332 1957 512 2016 humiditate
534 1955 693 2031 contrahit,
717 1955 796 2015 siout
818 1973 883 2014 esce
904 1974 960 2031 per
982 1955 1083 2030 ignem
1105 1955 1137 2012 in
1160 1954 1222 2013 olla

162 2046 357 2122 recoquitur,
381 2050 411 2106 et
435 2064 500 2106 osse
523 2045 673 2104 confortet
688 2063 794 2121 easque
809 2044 841 2102 in
862 2063 962 2104 cernes
978 2043 1053 2121 figit,
1078 2043 1221 2120 quatinus

204 2135 323 2194 eaedem
346 2154 446 2196 cernes
468 2154 522 2210 per
544 2134 597 2193 1111
612 2135 823 2209 sustineantur,
845 2153 882 2193 ne
905 2133 1051 2205 deficient,
1076 2133 1218 2208 quomed-

203 2223 326 2282 modum
353 2224 441 2284 homo
473 2224 594 2282 domum
619 2241 703 2283 suam
733 2223 824 2299 lignis
852 2223 998 2298 aedificat,
1030 2221 1220 2281 recedendo

204 2312 385 2374 destruetur.
424 2313 465 2371 111
486 2312 570 2372 istud
591 2313 738 2372 secundus
765 2312 873 2372 mensis
900 2314 956 2386 est,
986 2311 1017 2370 in
1046 2330 1106 2386 quo
1133 2330 1218 2388 pree·

204 2402 284 2461 dicte
305 2403 403 2480 figura
424 2403 456 2461 in
479 2401 629 2460 defectum
651 2405 682 2460 et
703 2402 873 2477 profectum
896 2402 984 2460 lunae
1011 2419 1066 2476 per
1089 2401 1219 2458 animam

162 2504 190 2548 15
204 2491 405 2554 confirmetur.
438 2490 555 2567 Anima,
579 2490 661 2568 quod
682 2490 714 2549 in
736 2490 819 2550 venis
835 2493 887 2562 est,
912 2491 967 2565 [et]
993 2508 1061 2548 cum
1077 2489 1219 2566 sanguine

204 2599 304 2640 carnes
327 2583 358 2640 et
381 2599 446 2640 ossa
469 2582 612 2656 complet,
647 2579 729 2656 quod
751 2580 922 2656 profectum
948 2579 1036 2636 lunae
1064 2577 1218 2655 significat.

204 2669 290 2740 Quod
314 2673 413 2729 eutem
433 2670 564 2729 nondum
579 2689 610 2729 se
626 2687 745 2728 movere
759 2671 866 2745 potest,
889 2669 945 2727 hoo
960 2668 1109 2727 defectum
1130 2667 1217 2726 lunae

197 2753 348 2836 'designet
382 2759 430 2818 Sic
449 2760 547 2818 anime
569 2759 600 2817 in
623 2758 720 2834 figure
742 2759 800 2818 iste
822 2757 932 2817 residet
960 2756 1117 2832 omnisque
1145 2756 1217 2828 1001,

204 2865 272 2906 curn
296 2848 404 2923 quibus
431 2848 496 2924 ipss
519 2867 609 2924 opere
631 2848 727 2923 faciet,
751 2847 879 2924 inspicit,
904 2845 1045 2922 quonism
1069 2863 1099 2904 se
1122 2847 1217 2904 1011111

162 2947 190 2993 30
204 2936 326 2996 eandem
352 2936 481 3014 figurem
508 2940 658 2997 motursm
685 2937 789 3012 sentit,
822 2937 901 2995 sicut
923 2937 989 2995 rota
1016 2933 1221 2994 molendinum,

204 3026 329 3085 circuire
353 3026 433 3086 fecit.
474 3027 514 3085 Et
536 3025 591 3086 hoo
614 3027 777 3085 secundum
801 3043 922 3084 cursum
950 3024 1021 3084 solis
1048 3023 1080 3082 in
1107 3023 1216 3083 circulo

204 3133 257 3174 suo
279 3115 392 3192 incipit.
435 3113 510 3174 Nam
532 3119 569 3175 ut
591 3115 637 3174 soi
658 3115 690 3173 in
712 3134 797 3174 mene
823 3113 964 3189 exoritur,
988 3116 1018 3173 et
1039 3117 1076 3174 ut
1098 3130 1216 3172 cursum

204 3223 292 3263 suum
324 3225 342 3263 a
371 3223 457 3264 mane
488 3205 520 3263 in
551 3204 685 3280 tertiam,
719 3224 737 3263 a
765 3204 856 3264 tertia
885 3205 917 3262 in
941 3205 1066 3278 sextam,
1099 3204 1217 3261 esexte

203 3294 234 3352 in
261 3312 381 3366 nonam,
413 3313 430 3352 1
456 3313 535 3354 nona
556 3295 588 3352 in
615 3311 769 3369 vesperum
791 3292 957 3368 protendit,
985 3291 1027 3351 sic
1049 3293 1079 3350 et
1101 3291 1216 3366 ipsein

163 3392 190 3438 35
205 3383 299 3443 oculis
314 3384 404 3455 sedet,
427 3386 463 3443 ut
476 3384 544 3443 illos
560 3402 614 3460 per
628 3382 771 3442 fenestras
791 3382 917 3441 videndo
937 3383 1034 3440 lucem
1053 3382 1215 3456 praeparet,

205 3475 236 3532 et
258 3473 348 3532 etiam
369 3473 400 3531 in
422 3476 549 3550 pectore,
572 3475 608 3531 ut
624 3472 853 3549 cogitationibus
869 3471 992 3530 circuire
1015 3469 1099 3527 illem
1121 3469 1214 3540 faciet,

205 3561 285 3621 eoin
300 3562 396 3638 corde,
417 3562 557 3638 quatinus
576 3562 660 3621 illam
676 3580 743 3621 cum
764 3559 886 3621 scientia
901 3559 1002 3620 volare
1023 3557 1164 3629 ostendat,
1186 3557 1214 3614 in
