2662 3932
419 151 555 207 CAUSAE
574 151 621 206 ΕΤ
639 149 761 206 ΟΠΒΑΕ
779 151 848 206 LIB.
866 149 900 205 ΙΙ.
1123 155 1163 214 75

141 336 276 397 venulae
304 335 436 396 eiusdem
464 335 576 396 cerebri
602 335 697 410 magis
725 334 809 394 albae
837 354 928 410 quam
955 333 1064 392 rubeae
1087 336 1166 409 sunt,

140 431 179 486 et
194 444 313 503 grossos
329 445 362 486 aa
385 425 537 502 squalidos
560 423 662 484 oculos
676 423 787 482 habent
802 427 832 482 et
846 423 1024 483 muliebrem
1039 423 1167 482 colorem

140 516 180 574 in
202 515 287 586 facie,
311 517 342 572 et
363 535 422 575 non
444 533 577 574 serenam
596 516 703 585 cutem,
727 511 778 571 sed
798 513 883 588 quasi
908 513 1031 572 extincti
1046 511 1166 583 coloris3

145 603 203 664 sed
233 607 263 663 et
293 603 369 662 latas
400 605 430 662 et
461 603 565 662 molles
596 619 685 662 venas
714 600 837 673 habent,
871 621 945 678 quae
977 605 1075 660 tamen
1107 619 1167 660 non

141 693 281 751 multum
303 693 478 770 sanguinem
500 693 532 751 in
554 711 584 751 se
608 690 772 766 continent,
800 691 843 748 ita
871 690 952 766 quod
976 691 1066 751 etiam
1087 689 1194 748 idem5

138 781 270 859 sanguia
299 782 486 859 aliquantum
513 780 692 858 sanguineus
719 798 778 839 non
804 782 863 852 est,
896 779 948 838 sed
976 779 1165 855 aliquantum

139 889 315 947 spumosus.
353 871 393 930 Eli
416 888 517 930 carnes
538 870 571 928 in
593 888 716 946 corpore
739 887 793 928 suo
817 868 855 928 ad
877 867 1087 927 sufficientiam
1110 867 1167 927 sibi

141 960 259 1019 habent
281 963 312 1018 et
334 960 438 1020 molles
461 958 624 1019 secundum
647 976 746 1018 carnes
774 957 965 1032 feminarum,
998 957 1048 1016 sed
1076 956 1167 1015 fortia

143 1048 290 1124 membra,
312 1068 371 1108 non
395 1053 497 1108 autem
512 1048 653 1108 audacem
668 1066 721 1107 neo
736 1050 893 1106 strenuum
909 1046 1042 1106 animum
1056 1048 1166 1105 tenent.

142 1138 184 1198 In
216 1137 449 1214 cogitationibus
479 1155 550 1198 vero
583 1141 614 1196 et
638 1137 670 1194 in
696 1137 817 1214 loquela
844 1154 1014 1196 sermonum
1042 1145 1208 1193 suorum1c

144 1227 274 1286 audaces
302 1230 333 1286 et
361 1227 476 1287 strenui
503 1229 574 1286 sunt
599 1229 637 1284 ut
664 1225 755 1302 ignis,
788 1225 874 1285 cuius
900 1225 1020 1284 flamma
1046 1226 1166 1298 repente

145 1315 249 1393 surgit
271 1319 302 1375 et
324 1320 446 1392 repente
469 1315 561 1390 cadit,
585 1333 619 1374 ac
641 1315 731 1374 etiam
752 1314 784 1373 in
806 1313 912 1373 habitu
934 1333 988 1374 suo
1012 1312 1167 1372 audaciam

144 1404 324 1478 ostendunt,
356 1406 407 1465 sed
439 1423 504 1465 eam
536 1405 567 1463 in
595 1404 736 1480 operibus
771 1422 830 1463 non
861 1404 971 1462 habent
1006 1406 1036 1462 et
1072 1401 1166 1478 magis

146 1494 289 1570 opinione
321 1513 411 1571 quam
441 1513 531 1570 opera
561 1493 594 1552 in
623 1493 846 1553 conversatione
872 1512 927 1552 sua
956 1492 1166 1552 demonstrant.

147 1583 266 1642 Ventus
290 1587 399 1658 eutem,
428 1583 482 1659 qui
504 1583 535 1641 in
557 1582 668 1641 lumbis
691 1600 795 1641 eorum
817 1585 870 1658 est,
894 1580 1045 1641 modicum
1066 1581 1167 1657 ignem
1181 1589 1208 1636 15

144 1671 247 1748 habet,
269 1672 313 1731 ita
336 1673 417 1748 quod
439 1673 553 1732 modice
576 1672 660 1747 calet,
684 1671 768 1730 velut
790 1691 877 1747 aqua,
910 1689 986 1747 quae
1001 1669 1052 1729 vix
1072 1669 1168 1728 calida

145 1764 203 1822 est.
248 1761 288 1820 lli
310 1761 386 1820 duae
409 1760 515 1820 domus
537 1761 614 1832 eiua,
643 1779 720 1837 quae
742 1763 779 1818 ut
802 1761 862 1819 duo
884 1759 970 1818 folles
994 1777 1056 1818 esse
1079 1757 1165 1817 debe-

145 1853 217 1910 rent
244 1849 281 1909 ad
304 1850 493 1910 excitandum
516 1850 624 1927 ignem,
652 1850 809 1909 derelictae
839 1851 910 1907 sunt
939 1849 971 1906 in
1004 1847 1168 1907 defectione

145 1958 203 1998 nec
217 1939 294 1998 vires
314 1939 431 2016 habent,
455 1942 492 1998 ut
506 1939 631 2015 stirpem
646 1939 770 2015 erigant,
793 1937 935 2014 quoniam
950 1936 1167 2013 plenitudinem

146 2028 228 2106 ignis
254 2029 286 2088 in
315 2047 346 2088 se
377 2047 436 2088 non
467 2029 627 2092 continent.
684 2028 724 2086 Et
756 2027 808 2086 isti
838 2027 870 2086 in
902 2026 955 2084 illa
982 2025 1209 2101 amplexionem

146 2117 243 2178 amari
265 2121 403 2192 possunt,
427 2117 509 2194 quod
532 2120 561 2177 et
583 2117 657 2176 viris
680 2120 711 2176 et
732 2099 851 2176 feminis
874 2114 1043 2175 cohabitare
1066 2115 1168 2173 valent

147 2210 181 2266 et
213 2206 294 2283 quod
321 2206 422 2266 fideles
455 2208 539 2280 sunt3
569 2206 612 2264 ita
644 2206 726 2282 quod
751 2205 884 2265 homines
912 2204 1067 2264 mortifero
1098 2203 1167 2263 odio

147 2314 209 2356 non
236 2293 359 2370 habent,
387 2295 439 2354 sed
466 2300 497 2354 et
523 2295 555 2353 in
583 2295 757 2371 corporibus
785 2296 846 2354 suis
868 2294 1020 2354 modicum
1042 2297 1167 2370 gustum

147 2385 264 2462 primae
288 2389 448 2461 creaturae,
472 2384 525 2443 ubi
541 2383 638 2444 Adam
658 2387 688 2444 eb
702 2385 765 2445 Eva
780 2384 842 2443 sine
859 2383 970 2443 carnali
985 2382 1167 2459 amplexione

147 2477 365 2551 processerunt,
390 2493 458 2533 cum
472 2477 572 2532 tamen
587 2473 638 2533 isti
653 2474 685 2533 in
700 2474 753 2532 illa
768 2473 845 2532 etin
860 2473 918 2532 ista
938 2472 1077 2549 genitura
1099 2470 1209 2544 defi-tt

147 2563 238 2626 ciant.
272 2563 312 2622 llt
336 2563 476 2638 quoniam
498 2563 594 2622 ineis
618 2581 716 2622 semen
739 2563 901 2622 secundum
924 2580 1017 2638 genus
1033 2561 1168 2620 virorum

147 2670 211 2712 asae
233 2670 292 2710 non
314 2655 424 2729 potest,
446 2651 512 2711 ideo
534 2670 588 2711 nec
610 2652 642 2711 in
664 2650 755 2710 barba
778 2670 830 2710 neo
852 2651 884 2710 in
907 2651 972 2709 aliis
995 2648 1168 2708 huiusmodi

148 2741 247 2801 causis
281 2741 416 2800 vacrum
449 2740 549 2800 viriles
583 2759 644 2806 esse
674 2742 783 2803 valent.
833 2738 890 2800 Sed
921 2743 951 2799 et
978 2739 1049 2815 quia
1077 2738 1168 2796 etiam

149 2830 247 2892 invidi
269 2849 329 2889 non
351 2833 434 2903 sunt,
464 2829 531 2889 ideo
560 2830 596 2890 de
622 2830 700 2889 bona
726 2829 877 2907 opinione,
910 2847 970 2905 qua
1001 2829 1032 2886 in
1060 2830 1168 2886 natura

149 2937 206 2978 sua
227 2917 339 2979 debiles
362 2921 441 2994 sunt,
464 2918 586 2978 feminae
610 2923 718 2995 amant,
742 2937 818 2995 quae
841 2919 932 2978 etiam
954 2917 1067 2978 debiles
1088 2920 1167 2989 sunt,
1180 2921 1209 2970 ³0

150 3008 233 3084 quod
255 3008 368 3068 femina
389 3007 420 3067 in
443 3007 597 3067 debilitate
620 3027 675 3066 sua
696 3011 733 3067 ut
755 3027 832 3083 puer
855 3010 913 3080 est,
941 3010 972 3066 et
998 3006 1067 3065 inde
1089 3005 1167 3064 idem

149 3097 210 3156 viri
244 3096 406 3174 aliquando
440 3097 556 3158 modice
588 3097 781 3172 incalescunt,
819 3097 862 3156 ita
901 3096 983 3172 quod
1015 3094 1167 3154 interdum

150 3186 304 3246 modicum
325 3184 434 3245 barbae
457 3187 608 3259 emittunt,
631 3187 716 3246 velut
739 3186 840 3262 aliqua
861 3189 952 3260 terra,
975 3203 1052 3262 quae
1074 3183 1167 3243 modi·

150 3293 219 3334 oum
242 3275 385 3351 graminis
408 3275 532 3351 profert.
565 3273 624 3336 Sed
639 3275 852 3353 perfectionem
867 3274 959 3334 aratri
974 3293 1033 3333 non
1047 3272 1167 3344 habent,

150 3366 187 3422 ut
208 3368 319 3424 terram
342 3365 492 3437 scandant,
516 3365 588 3440 quia
609 3365 727 3424 feminis
742 3364 786 3423 ita
802 3363 942 3440 coniungi
958 3381 1017 3422 noa
1032 3365 1166 3439 possunt,
1180 3367 1208 3414 85

151 3453 402 3528 quemadmodum
425 3453 538 3512 fertiles
561 3454 628 3529 viri,
651 3453 703 3513 sed
725 3453 840 3512 steriles
863 3455 942 3514 sunt.
976 3451 1062 3512 Unde
1077 3451 1167 3510 etiam

151 3542 182 3600 in
204 3543 302 3602 animo
325 3561 380 3602 suo
402 3562 462 3604 non
484 3543 616 3602 multum
638 3543 669 3601 in
691 3541 815 3602 libidine
837 3540 983 3613 laborant,
1006 3541 1063 3600 nisi
1086 3539 1167 3616 quod
