2672 3924
201 91 264 149 154
585 80 831 137 ffluususums

197 268 288 326 infert
312 285 345 326 ac
367 270 494 326 mortem
513 266 646 325 miuatm
659 267 745 325 velut
758 267 888 343 irruptio
902 268 1039 342 nubium,
1062 286 1134 345 quse
1156 265 1207 324 illa

198 357 346 432 dirumpit
366 361 398 415 et
419 357 457 414 sd
483 355 611 414 nihilum
641 355 739 429 ducit,
769 374 861 432 supra
891 377 970 432 quse
995 358 1142 417 ceciderit.
1165 387 1204 398 -

197 446 238 504 Et
259 445 406 521 quaedam
427 445 513 504 velut
534 445 631 522 grisea
657 450 702 504 est
728 445 765 502 dc
791 449 968 522 tempestate
992 447 1206 522 proedictorum

199 535 412 594 elementorum
434 535 522 610 quasi
546 535 769 612 fulgurantium
796 538 826 593 et
857 535 1053 612 incongruam
1078 535 1206 611 pluviam

172 639 187 682 5
201 624 402 683 emittentium
424 625 456 683 in
469 624 590 682 homine
604 628 678 698 orta,
693 643 771 700 quae
786 624 907 700 quidem
921 626 1041 700 corpori
1054 625 1207 684 bosionem

199 714 296 784 infert
319 713 371 772 aed
392 717 492 772 temen
513 712 590 771 illud
612 713 731 772 omuino
745 730 805 771 non
819 714 969 788 interficit,
991 715 1070 774 sicut
1091 711 1206 791 grando,

198 823 275 879 quae
308 803 449 880 frugibus
482 802 639 862 laesionem
673 800 746 860 iacit
782 801 835 861 sed
872 803 985 862 radices
1017 822 1120 862 esrum
1152 820 1208 860 nou

199 893 277 955 eicit.
300 925 341 936 -
369 891 427 950 Sed
459 895 490 950 et
521 891 665 968 quaedem
694 891 779 949 velut
811 892 880 950 alba
910 895 956 952 est
981 892 1018 951 de
1044 893 1141 951 multa
1166 893 1206 949 in·

199 981 362 1042 undatione
391 979 551 1039 eorundem
587 979 802 1038 elementorum
838 981 925 1057 quasi
962 999 1055 1057 snpra
1091 981 1209 1041 modum

160 1071 392 1132 recrescentium
417 1069 576 1127 fluminum
605 1069 637 1126 in
667 1068 786 1126 homine
816 1087 988 1146 exsurgens,
1020 1090 1098 1146 quae
1125 1071 1209 1130 etiam

199 1161 315 1237 corpori
338 1159 521 1218 debilitatem
542 1158 643 1230 infert,
666 1157 718 1217 sed
739 1161 840 1217 tamen
861 1159 938 1218 illud
960 1178 1014 1236 per
1036 1160 1136 1219 omnia
1154 1177 1209 1217 non

199 1251 339 1323 conterit,
370 1246 455 1306 velut
484 1248 637 1323 repentina
667 1247 824 1306 inundatio
855 1251 886 1306 et
913 1248 1017 1307 offusio
1044 1249 1209 1318 fluviorum

200 1356 276 1414 quae
290 1337 392 1413 aliqua
406 1335 527 1411 quidem
546 1337 612 1396 loca
633 1339 704 1410 <et>
727 1337 844 1414 aliquas
859 1337 964 1414 fruges
978 1339 1209 1414 superemanaut,

199 1426 249 1485 sed
271 1445 305 1485 es
326 1444 381 1501 per
402 1427 501 1484 totum
523 1444 582 1484 uon
604 1427 753 1486 auferunt.
789 1426 917 1484 Pnstula
931 1429 1032 1486 autem
1051 1427 1114 1498 illa,
1138 1443 1210 1504 quae

161 1525 188 1571 15
199 1516 286 1592 nigre
308 1517 361 1590 est,
392 1514 560 1590 periculoso
589 1518 635 1574 est
662 1520 693 1573 ct
718 1515 780 1574 fere
806 1515 992 1592 incurabilis,
1024 1517 1123 1592 grisea
1144 1533 1210 1575 vero

199 1604 247 1663 vel
287 1603 356 1663 albe
399 1603 587 1679 aliquantum
629 1604 756 1663 leniores
797 1603 884 1680 nigna
925 1609 995 1664 sunt
1041 1609 1073 1664 et
1118 1603 1210 1665 curari

199 1696 331 1770 possunt.

266 1783 311 1844 Dc
333 1786 453 1842 itenere.
498 1781 526 1840 A
548 1781 673 1841 diversis
694 1799 815 1857 quoque
837 1782 1014 1842 humoribus
1042 1786 1106 1840 tam
1132 1781 1210 1842 bonis
1298 1801 1299 1814 ¹

201 1891 290 1948 quam
312 1872 397 1932 melis
425 1889 493 1930 earo
522 1873 553 1929 et
580 1889 670 1930 venae
693 1869 821 1929 hominis
842 1871 1069 1948 ingrossescunt,
1092 1873 1211 1932 veluto
1298 1891 1299 1916 i

162 1961 346 2022 solermento
386 1961 482 2020 farine
513 1960 647 2020 elevatur
684 1962 715 2018 et
746 1959 925 2023 intumescit
980 1959 1038 2019 Sed
1067 1959 1210 2031 humores,

201 2051 254 2128 qui
276 2071 294 2108 c
316 2049 411 2126 corde,
434 2069 452 2108 a
473 2049 578 2124 iecore,
601 2069 619 2106 c
640 2049 790 2124 pulmone,
813 2068 831 2106 s
853 2049 1004 2108 stomacho
1027 2051 1058 2108 et
1078 2049 1211 2109 coeteris
1298 2069 1299 2072 ¹

200 2139 390 2199 interioribus
413 2137 585 2214 procedunt,
609 2155 678 2197 oum
701 2137 861 2213 aliqnando
883 2139 915 2196 in
929 2138 1072 2197 iniustam
1093 2137 1211 2199 diversi·

200 2231 291 2288 tutem
319 2232 349 2288 et
376 2227 613 2304 superfluitatem
641 2228 815 2303 vertuntur,
845 2230 918 2286 tunc
947 2227 1037 2286 etiam
1065 2227 1211 2286 interdum

200 2321 315 2378 tenaces
337 2319 367 2377 et
390 2314 498 2376 lubrici
527 2319 557 2375 et
583 2315 678 2392 tepidi
706 2315 790 2378 fiunt.
834 2315 874 2375 Et
896 2316 921 2375 si
943 2320 1017 2375 tunc
1043 2316 1075 2374 in
1097 2315 1210 2376 homine
1298 2325 1299 2332 ’

161 2417 188 2463 ss
202 2409 363 2479 remanent,
395 2424 463 2466 euin
492 2404 523 2465 in
550 2405 755 2464 infirmitatem
782 2405 905 2466 ducunt.
951 2404 983 2464 Si
1010 2409 1111 2464 autem
1134 2409 1210 2465 extra

200 2515 268 2557 eum
291 2497 460 2574 erumpunt,
483 2493 628 2555 saniorem
651 2511 719 2552 eum
742 2493 879 2554 reddunt.

267 2587 313 2647 De
336 2585 442 2647 ulcere.
476 2581 562 2656 Quod
585 2583 610 2642 si
633 2582 665 2642 in
686 2602 781 2641 unum
802 2583 903 2641 locum
925 2583 974 2642 vel
996 2583 1028 2640 in
1043 2584 1133 2658 plura
1146 2584 1208 2644 locs
1298 2585 1299 2594 ’

201 2675 231 2734 ω
253 2673 371 2736 homins
395 2671 561 2745 ceciderint,
584 2671 629 2732 its
652 2671 732 2749 quod
755 2670 798 2729 ibi
824 2672 910 2730 ulons
932 2691 1026 2730 unum
1050 2675 1105 2731 ant
1125 2673 1208 2749 plura

201 2763 336 2840 leoonnt,
371 2763 440 2824 tune
470 2761 559 2822 homo
591 2761 746 2837 permittat
778 2779 812 2819 es
843 2761 880 2819 ad
911 2761 1115 2820 maturitatem
1144 2781 1205 2838 per-

160 2852 308 2930 serenire,
331 2853 366 2912 ut
389 2849 520 2923 effluant,
543 2868 592 2927 ne,
622 2850 647 2910 si
669 2850 751 2910 intus
778 2850 985 2924 remanserint,
1016 2851 1137 2927 gravius
1158 2852 1205 2910 do·

201 2943 268 3006 lest
307 2940 346 3002 st
369 2943 525 3018 postquam
549 2937 688 3000 humores
710 2939 743 2997 in
764 2939 938 2998 maturitate
965 2939 1007 2997 ibi
1035 2939 1206 3016 effluxerint,

202 3041 272 3095 tunc
295 3031 383 3092 homo
407 3029 458 3092 ille
481 3027 656 3090 medicinam
679 3047 747 3088 cum
770 3028 931 3104 unguentis
955 3027 1101 3087 adhibeat.

267 3121 311 3184 De
326 3119 430 3184 scotie.
464 3117 495 3180 Si
518 3135 587 3180 vero
611 3116 683 3177 mali
704 3117 843 3176 humores
865 3117 1016 3178 in.scabie
1037 3135 1092 3192 per
1114 3120 1204 3176 totum
1298 3147 1299 3150 κ

201 3229 308 3292 corpus
331 3207 458 3271 bominis
483 3206 678 3286 erumperint,
711 3209 783 3266 tuno
806 3206 917 3264 iterum
945 3206 983 3264 ad
1005 3206 1202 3266 maturitatem

161 3301 290 3365 tested
314 3297 525 3362 emanationem
549 3314 652 3357 eorum
682 3294 866 3371 aliquamdiu
894 3296 1042 3368 exspectet
1065 3298 1096 3352 et
1117 3313 1203 3372 usque

202 3391 272 3454 duni
310 3387 387 3451 cutis
422 3385 499 3448 iuter
529 3384 629 3446 ulcera
666 3383 841 3444 rubedinem
877 3380 985 3441 habere
1021 3381 1144 3457 incipiat
1177 3387 1204 3443 et

202 3477 352 3552 exsiccari,
390 3475 420 3538 ct
453 3477 523 3538 tuuc
558 3472 797 3534 convenientibus
831 3468 990 3547 unguentis
1023 3472 1133 3544 ungat,
1170 3491 1202 3532 ne
