2668 3924
370 145 512 200 CAUSAE
530 145 576 199 ΕΤ
595 145 718 200 CURAE
736 145 803 200 [ΑΒ.
824 143 872 200 IV.
1073 149 1133 210 201

11 385 12 388 ,
113 347 221 388 carnes
244 331 275 386 ei
297 327 404 404 pisces;
440 329 491 388 sed
513 330 587 390 allec
615 333 645 388 el
671 330 833 388 sulmonem
855 329 981 401 dorilei,
1014 327 1136 389 bovinas

11 479 12 500 χ
114 436 241 494 quoque
272 435 371 476 carnes
401 420 432 477 ei
464 437 581 478 caseum
613 421 644 477 ei
676 437 778 494 grosse
810 420 840 476 ei
872 418 964 477 crudo
995 418 1076 477 olera
1107 423 1137 478 ei

11 555 12 564 ,
112 525 244 584 porrum
275 506 387 565 dorilei
414 509 503 582 sique
535 507 684 584 siliginem
712 507 748 566 ed
776 507 951 568 ordeaceum
979 527 1086 583 ponem
1108 511 1138 566 et

11 603 12 620 ¹
116 595 323 673 quidcumque
346 615 443 656 essum
468 600 519 671 est,
542 599 659 672 praetor
682 615 776 656 ussum
791 596 896 672 pirum,
919 615 978 655 non
995 597 1137 658 comedat.

11 699 12 768 i
114 684 195 744 Num
227 684 326 744 omniu
359 685 432 744 hoec
462 686 617 761 pulverem
648 685 859 746 intestinorum
892 685 1005 744 duritie
1036 689 1067 745 ei
1095 699 1164 744 es-f»

11 843 12 846 Ἴ
115 775 248 851 peritate
271 791 325 832 sua
348 779 528 850 exasperant,
558 778 589 834 ei
611 794 690 852 sque
712 775 837 834 livorem
859 775 891 832 in
913 775 954 834 eis
975 778 1075 848 purum
1108 779 1139 834 ei

115 865 187 923 ideo
211 863 331 922 inierim
355 864 428 922 dum
450 863 572 924 vitands
600 866 682 938 suni3
712 863 815 924 vinum
848 867 948 924 cutem
978 864 1074 924 calore
1104 883 1139 923 ee

117 952 308 1029 constringit.
915 1025 917 1030 Α

187 1042 233 1100 Dc
253 1043 339 1113 {lucu
361 1042 531 1115 sauguinis.
575 1041 607 1101 Si
630 1042 697 1118 quis
719 1043 831 1100 fluxum
861 1041 1012 1119 sanguinis
1039 1040 1137 1113 haber,

118 1131 222 1206 accipe
256 1130 331 1189 duos
360 1129 480 1190 vitellos
515 1131 564 1191 ovi
597 1133 628 1189 ct
661 1149 710 1190 eos
745 1131 923 1207 distemporc
959 1133 989 1190 ei
1015 1148 1137 1189 succum
1152 1143 1178 1188 10

117 1223 231 1279 metrae
262 1218 348 1294 oddo,
380 1222 526 1296 quonium
553 1220 696 1280 modiolus
727 1221 817 1280 unius
847 1220 957 1295 vitelli,
993 1222 1023 1278 ei
1054 1220 1138 1295 coeti,

117 1311 267 1385 quonium
297 1309 373 1367 duae
406 1311 499 1368 iesice
534 1309 583 1369 ovi
614 1311 748 1386 copiunt,
780 1312 810 1368 ei
836 1313 909 1369 iuno
931 1309 1081 1368 modicum
1103 1309 1139 1368 de

11 1423 12 1474 i
117 1398 246 1475 pulvere
262 1397 418 1456 cinamomi
434 1399 464 1456 ei
480 1398 515 1456 de
531 1399 655 1474 pulvere
669 1400 769 1458 zituar
780 1399 888 1473 minus,
902 1418 992 1476 quem
1006 1398 1139 1474 pulveris

119 1486 280 1548 cinamomi
303 1487 355 1560 sii,
386 1486 428 1547 eis
450 1486 592 1563 immitte,
625 1491 656 1546 ei
679 1506 747 1546 cum
769 1487 841 1547 hoec
864 1488 953 1547 simul
976 1487 1138 1562 miscueris,

11 1625 12 1634 ,
119 1595 190 1636 cum
211 1574 328 1635 modica
350 1594 428 1652 equs
458 1577 562 1649 suffusi
593 1576 782 1653 aliquantum
811 1577 939 1653 spissum
969 1577 1037 1636 inde
1066 1587 1179 1652 psre15

119 1668 152 1725 ei
175 1665 212 1723 dc
235 1665 292 1739 illi,
326 1664 379 1739 qui
401 1665 516 1724 fluxum
543 1666 696 1743 sanguinis
719 1666 842 1742 patitur,
865 1666 980 1725 modice
1008 1666 1137 1725 calidum

118 1754 307 1816 lamisione
330 1772 421 1830 quum
443 1771 550 1830 pranso
574 1755 612 1813 ad
635 1754 827 1826 sorbendum,
856 1758 887 1813 ei
909 1756 951 1814 sic
973 1773 1059 1830 saepe
1082 1755 1136 1826 fec,

11 1903 12 1906 ,
119 1847 153 1904 ei
176 1843 284 1902 molius
306 1842 437 1904 habebit.

189 1933 268 1991 Item
282 1932 318 1991 dc
331 1934 417 2004 {iuno
431 1933 592 2006 sauguinis
601 1949 659 2006 per
670 1933 846 2006 posteriora.
870 1931 927 2002 oui
942 1932 1058 1990 fluxum
1073 1949 1136 1990 sen·

11 2053 12 2064 ¹
119 2021 357 2100 guinispeiiiur‚
366 2023 602 2081 bramberccruth
611 2024 641 2080 ei
653 2021 698 2080 bis
708 2024 826 2081 ionium
836 2021 1005 2083 cleriorum
1014 2021 1179 2096 accipiatur

119 2114 153 2171 et
174 2109 289 2170 modice
311 2111 434 2185 tundet,
463 2111 575 2170 scilicet
596 2129 692 2187 usquo
715 2110 788 2170 dum
810 2128 932 2170 succum
959 2110 1076 2186 reddat,
1108 2114 1139 2170 ei

11 2237 13 2272 2
120 2201 165 2261 sic
187 2200 218 2258 in
241 2199 345 2259 vinum
367 2202 459 2274 ponci
481 2202 512 2258 ei
534 2200 611 2260 inter
634 2199 734 2260 cibum
757 2203 788 2259 ei
809 2204 877 2276 post
899 2199 998 2260 cibum
1014 2200 1139 2260 sednon

11 2303 12 2342 ἲ
119 2289 240 2349 ieiunus
270 2287 361 2347 bibai.
411 2289 657 2348 Brocubcrcorutk
686 2285 766 2350 enim
795 2291 826 2348 et
857 2289 1022 2348 bluticroih
1054 2290 1138 2365 qussi

11 2385 12 2414 ³
121 2379 160 2438 de
190 2378 307 2454 liquore
339 2377 492 2454 sanguinis
522 2396 643 2437 succum
673 2377 797 2446 hebeni,
830 2381 860 2437 ei
886 2377 957 2438 hoec
979 2397 1047 2438 cum
1069 2378 1137 2438 vino

120 2469 289 2542 temperato
320 2467 416 2526 colore
451 2470 482 2526 ci
519 2468 631 2543 frigore
670 2486 724 2526 suo
762 2467 932 2526 effluentem
965 2467 1138 2544 sanguinem
1151 2476 1178 2521 re

121 2557 239 2628 sedani;
263 2558 294 2614 ei
315 2575 333 2612 c
355 2573 463 2632 pranso
486 2556 605 2615 homine
628 2559 798 2631 sumuntur,
820 2559 857 2614 ui
879 2556 1053 2632 sanguinem
1072 2574 1139 2616 con·

123 2646 281 2722 stringant,
306 2645 360 2721 qui
382 2649 454 2704 tunc
477 2637 550 2704 cibis
572 2645 699 2705 hominis
723 2645 859 2704 occurrii.
900 2644 1039 2703 Farinam
1063 2663 1136 2720 quo·

124 2754 184 2812 que
210 2734 324 2792 similos
347 2734 473 2810 accipias
504 2739 534 2794 ei
560 2753 595 2793 ex
622 2754 656 2794 ea
683 2753 752 2793 cum
774 2735 838 2794 solo
860 2734 947 2792 melle
970 2737 1001 2792 ei
1022 2733 1137 2794 modico

123 2826 184 2884 sule
208 2824 342 2882 toriellos
369 2822 461 2882 facist
487 2826 518 2882 ei
545 2842 594 2882 eos
623 2824 765 2885 comedat.
810 2822 886 2882 Nom
907 2822 1003 2881 farine
1025 2823 1139 2882 similae

124 2914 223 2973 colore
246 2916 277 2972 ei
299 2911 475 2971 fortitudine
497 2931 550 2972 suu
572 2931 688 2972 curnem
710 2913 838 2972 hominis
861 2930 988 2973 crescere
1016 2912 1087 2974 facit
1109 2916 1178 2972 eico

123 3003 272 3062 iniustum
294 3001 353 3060 iior
373 3001 526 3077 sanguinis
549 3001 712 3077 concludit,
736 3004 767 3061 ei
788 3003 848 3060 mel
875 3002 971 3061 colore
998 3004 1028 3062 ei
1049 3021 1137 3062 succo

126 3110 181 3151 suo
204 3091 351 3150 iniustum
374 3090 548 3166 sanguinem
571 3090 665 3166 sedai,
698 3110 732 3150 sc
754 3091 834 3151 color
856 3091 925 3150 selis
947 3110 1016 3150 eum
1039 3092 1137 3152 siccei

125 3181 255 3240 Etcum
278 3180 369 3240 simul
390 3181 606 3256 temperantur,
638 3180 748 3239 iniuste
775 3181 944 3240 effluentem
966 3181 1139 3258 sanguinem

126 3270 285 3329 contineri
329 3267 454 3328 Interim
476 3273 576 3328 aulem
598 3268 670 3328 dum
692 3269 895 3329 infirmitatem
916 3269 992 3329 hcnc
1014 3270 1138 3346 potitur,

126 3377 232 3432 punem
252 3358 403 3418 triticeum
418 3358 561 3428 comedat,
584 3358 634 3417 sed
656 3358 826 3435 siligineum
846 3363 876 3419 ei
896 3358 1069 3419 ordeaceum
1091 3360 1137 3418 de·
1150 3369 1178 3414 us

127 3449 210 3519 vitei,
233 3447 355 3506 bovines
377 3464 497 3522 quoque
520 3465 619 3506 carnes
647 3451 677 3505 et
699 3447 834 3523 porcinas
861 3450 892 3506 et
914 3465 1013 3506 omnes
1035 3448 1138 3523 pisces,

128 3537 181 3613 qui
213 3553 352 3612 squamas
384 3553 442 3594 non
472 3534 595 3607 hebeni,
629 3554 663 3594 ec
690 3554 807 3595 osseum
834 3538 864 3595 ei
890 3536 983 3596 cruda
1005 3536 1085 3596 olera
1108 3540 1139 3596 ei
