2662 3932
233 160 274 218 96
619 150 866 208 HILDEGARDIS

231 341 262 395 et
283 337 421 394 immittit
444 339 473 394 et
495 354 543 394 eas
567 335 654 411 quasi
676 354 730 412 per
752 334 894 393 fenestras
921 334 1087 394 considerat
1114 354 1147 395 ac
1173 334 1253 394 vires

230 445 331 484 earum
354 425 438 484 uelut
461 441 579 484 accenso
602 424 673 500 igne
695 424 733 482 ad
755 423 910 482 cerebrum
932 423 1017 482 velut
1033 424 1070 482 ad
1085 424 1253 482 fumarium

230 514 404 588 transducit,
428 517 464 572 ut
486 532 535 572 eas
557 513 600 572 ibi
622 512 813 572 discernendo
833 512 982 572 discutiat.
1014 513 1046 571 Si
1061 514 1140 572 enim
1159 513 1251 572 homo

230 603 423 681 cogitationes
444 621 504 662 non
526 602 656 674 haberet,
679 601 832 662 scientiam
853 619 913 660 non
935 601 1070 674 heberet,
1100 603 1151 662 sed
1175 605 1252 661 esset

189 705 205 750 5
230 695 267 751 ut
289 694 402 767 domus,
438 711 514 768 quae
541 710 593 750 nec
618 692 738 750 ianuam
764 709 818 750 nec
846 691 989 750 fenestras
1011 710 1064 750 nec
1086 691 1252 750 fumarium

230 781 328 842 hahet.
367 779 566 858 Cogitationes
589 783 688 839 autem
710 779 850 840 scientiae
871 779 942 839 honi
965 783 996 840 et
1017 780 1089 838 mali
1112 781 1251 840 auctores

231 873 353 930 suntet
377 871 524 929 ordinatio
547 870 679 929 omnium
703 888 813 940 rerum,
841 871 871 928 et
893 869 964 928 haec
986 869 1182 946 cogitationes
1207 869 1249 927 di·

230 963 348 1034 cuntur.
383 957 459 1018 Nam
474 958 669 1036 cogitationes
685 961 819 1018 auctores
834 960 905 1016 suut
921 957 1069 1033 bonitatis,
1090 957 1250 1034 sapientiae

231 1053 260 1108 et
282 1049 423 1108 vanitatis
447 1067 481 1108 ac
502 1047 654 1122 similium,
685 1050 721 1106 ut
752 1046 789 1105 de
816 1048 903 1106 corde
934 1047 1028 1106 malae
1055 1048 1250 1124 cogitationes

191 1149 218 1194 ιο
231 1140 348 1213 exeunt,
372 1140 402 1196 et
423 1136 480 1196 hoc
502 1139 547 1196 est
568 1136 665 1198 ianua.
695 1137 735 1196 Et
749 1135 815 1195 ideo
833 1135 869 1194 de
885 1135 974 1194 corde
989 1137 1049 1196 iter
1063 1137 1200 1213 procedit
1215 1135 1250 1193 sd

232 1227 383 1301 elementa,
416 1244 485 1285 curn
509 1225 618 1302 quibus
640 1225 728 1284 homo
751 1227 904 1301 operatur,
936 1225 1017 1301 quod
1046 1227 1167 1302 cogitat.
1213 1225 1250 1284 Et

231 1316 309 1376 vires
333 1315 549 1392 cogitationum
576 1315 614 1373 ad
646 1315 800 1374 cerebrum
833 1313 1005 1382 ascendunt,
1037 1318 1068 1374 et
1099 1315 1248 1375 cerebrum

233 1423 281 1464 eas
304 1405 442 1474 continet,
467 1404 548 1480 quod
572 1403 726 1464 cerebrum
748 1406 793 1462 est
815 1402 977 1462 humiditas
999 1405 1094 1464 totius
1110 1405 1248 1479 corporis,

234 1493 485 1569 quemadmodum
507 1511 557 1552 ros
581 1493 678 1551 omnia
700 1493 860 1552 humectat.
906 1491 981 1551 (lum
1005 1497 1105 1552 sutem
1130 1492 1248 1569 quidam

192 1594 219 1640 15
232 1583 303 1641 msli
326 1586 357 1642 et
378 1582 484 1642 foetidi
506 1581 646 1641 humores
669 1583 700 1640 in
730 1581 849 1640 homine
880 1582 1070 1657 suscitantur,
1105 1581 1247 1658 quendem

231 1672 352 1731 noxium
375 1673 494 1730 fumum
517 1671 553 1729 ad
577 1671 731 1731 cerebrum
753 1671 902 1730 emittunt.

299 1761 345 1821 Dc
354 1761 510 1835 pnclmocc's
524 1761 631 1820 dolore.
663 1758 749 1819 Unde
765 1758 917 1819 cerebrum
933 1763 1116 1819 commotum
1128 1759 1246 1820 cundem

233 1849 351 1908 fumum
372 1869 427 1926 per
449 1849 592 1926 quasdem
615 1868 702 1909 venes
726 1849 763 1908 ad
786 1849 957 1924 pulmonem
986 1849 1070 1908 ducit
1097 1853 1128 1909 et
1154 1849 1245 1926 ipsum

233 1939 335 2011 inficit,
365 1939 408 1998 ita
431 1939 511 2014 quod
534 1939 720 2015 aliquantum
743 1939 866 1996 inflatur
889 1941 919 1997 et
942 1937 1022 2014 quod
1042 1938 1171 1998 holitum
1198 1938 1243 1997 ali·

191 2039 219 2084 oo
233 2028 413 2104 quantulum
424 2019 550 2088 'difficile
565 2027 677 2086 emittit
692 2031 722 2086 et
738 2025 820 2104 quod
836 2027 863 2085 ei
878 2027 990 2086 malum
1006 2028 1127 2088 odorem
1146 2027 1245 2088 reddit.

232 2117 288 2176 Sed
310 2116 382 2176 haec
404 2117 517 2175 inflatio
533 2117 682 2192 pulm0nis
702 2125 761 2176 non
776 2116 908 2175 multum
922 2117 1090 2193 periculosa
1105 2121 1158 2192 est,
1182 2118 1245 2194 quia

233 2206 321 2266 facile
345 2206 444 2264 curari
466 2208 574 2281 potest.
824 2216 830 2225 ¹

300 2296 348 2354 Dc
369 2298 490 2356 comate.
535 2293 592 2352 Sed
615 2294 666 2352 elii
695 2294 818 2369 quidam
849 2292 982 2354 homines
1012 2297 1091 2361 sunt,
1124 2314 1244 2372 quorum

234 2387 325 2460 caput
354 2401 458 2442 senum
490 2388 520 2442 et
546 2385 608 2442 tem
641 2382 719 2441 forte
758 2385 861 2458 (est),
893 2383 974 2458 quod
1005 2384 1152 2460 praedicti
1181 2385 1244 2443 mali

193 2473 374 2532 lehumores
405 2473 557 2532 cerebrum
603 2489 706 2531 eorum
737 2471 851 2531 laedere
883 2491 943 2531 non
973 2473 1079 2543 valent,
1113 2475 1243 2550 quonism

233 2563 271 2622 ad
299 2561 376 2620 illud
403 2562 572 2638 pertingere
599 2579 658 2620 non
684 2564 819 2636 possunt.
863 2561 903 2619 Et
930 2562 1002 2637 quia
1029 2562 1087 2636 ipsi
1113 2563 1243 2624 humores

233 2669 355 2728 surgere
377 2670 436 2710 non
458 2652 591 2726 possunt,
614 2650 651 2709 ed
672 2648 853 2709 cerebrum
844 2670 876 2708 m
891 2651 986 2709 canali
1001 2653 1134 2727 gutturis
1149 2671 1242 2712 eorun-

233 2740 301 2799 dem
328 2741 481 2798 hominum
509 2742 661 2798 remanent
684 2743 714 2798 et
741 2739 818 2798 illud
848 2739 884 2798 cd
914 2739 1099 2799 debilitatem
1130 2741 1242 2812 ducunt,

233 2829 276 2887 ita
299 2828 380 2904 quod
402 2827 535 2887 homines
558 2828 603 2887 illi
623 2847 692 2888 cum
707 2828 836 2887 difficult
823 2831 885 2888 tate
909 2828 1076 2902 (halitum)
1102 2831 1241 2893 emittunt

194 2916 310 2976 oollam
336 2935 405 2977 cum
431 2917 569 2976 humores
596 2917 701 2976 istim
724 2920 848 2993 gutture
870 2917 998 2976 hominis
1027 2918 1154 2978 huius
1147 2925 1239 2992 meent,

234 3006 404 3084 pulmonem
437 3005 500 3065 eius
531 3005 679 3066 sordet
649 3011 679 3066 et
708 3006 776 3065 tcbe
809 3009 840 3066 et
867 3006 1022 3084 putredine
1055 3007 1240 3068 inficiuntet

234 3096 410 3167 vulnerant,
445 3095 531 3154 velut
564 3095 644 3154 oculi
681 3095 806 3154 alicuius
840 3094 966 3155 hominis
1005 3096 1163 3172 aliquando
1194 3117 1240 3174 per

236 3184 369 3244 dolorem
396 3184 528 3244 exeuntis
554 3184 632 3243 tabis
664 3187 694 3242 et
725 3185 860 3244 ulcerum
892 3185 1061 3245 laeduntur.
1108 3184 1190 3246 Unde
1213 3191 1238 3246 et

235 3274 338 3349 pulmo
361 3273 398 3333 ad
421 3275 529 3350 guttur
553 3292 584 3333 se
607 3274 695 3352 erigit
718 3281 748 3332 et
770 3273 886 3332 editum
908 3273 1019 3334 halitus
1042 3279 1174 3351 occupat,
1202 3276 1238 3336 ita

197 3371 226 3417 35
239 3363 321 3440 quod
343 3362 432 3422 homo
456 3363 507 3422 ille
529 3363 579 3422 vix
601 3362 729 3421 halitum
752 3362 871 3422 emittit.

301 3452 348 3512 Dc
384 3453 468 3513 tussi.
517 3452 556 3512 Et
589 3452 659 3529 quia
689 3453 819 3528 putredo
852 3453 929 3511 circa
962 3452 1135 3528 pulmonem
1166 3454 1236 3528 iacet,

235 3540 323 3600 homo
358 3541 408 3600 ille
442 3541 573 3600 multum
605 3545 635 3600 et
668 3541 826 3616 putridum
856 3541 963 3618 flegma
1000 3541 1083 3613 eicit3
1117 3542 1235 3618 alioquin
