2662 3932
195 169 257 230 112
579 165 825 222 HILDEGARDIS

259 349 304 408 Dc
327 349 495 422 digestione.
552 347 629 408 (lum
662 353 764 408 autem
790 349 880 408 homo
906 350 1045 427 comedit,
1081 352 1222 427 venulae,

196 456 272 513 quae
295 440 420 514 gustum
442 437 582 509 sentiunt,
605 457 675 497 eum
697 458 752 515 per
775 457 883 515 corpus
902 438 1051 511 dividunt,
1074 443 1105 500 et
1120 441 1221 500 subti-

191 526 296 586 liorem
319 545 439 586 succum
463 524 623 586 eorundem
646 526 781 587 ciborum
802 528 958 588 interiores
981 547 1081 602 venue,
1103 530 1222 590 scilicet
1312 539 1313 544 ’

194 615 308 687 iecoris,
337 616 432 675 cordis
456 619 486 674 et
507 616 658 692 pulmonis
681 635 699 674 e
721 617 872 677 stomacho
902 618 1070 694 suscipiunt
1101 620 1132 677 et
1161 638 1221 695 per

166 707 293 764 5totum
316 722 424 781 corpus
448 705 613 781 deportent,
637 707 667 764 et
690 705 733 764 ita
756 705 876 783 sanguis
898 706 930 764 in
952 706 1071 766 homine
1086 710 1221 784 nugetur

193 796 224 852 et
255 811 362 869 corpus
392 794 535 870 nutritur,
567 795 652 853 velut
681 794 758 871 ignis
781 813 834 872 per
856 795 960 854 follem
983 795 1021 855 ad
1043 796 1219 856 incendium

192 881 340 942 excitetur
373 887 404 942 et
437 883 516 943 sicut
549 901 602 958 per
635 885 759 942 ventum
793 887 824 943 et
852 902 951 944 rorem
981 903 1106 962 gramen
1136 885 1219 945 viret

193 975 224 1031 et
246 972 359 1031 crescit.
404 969 480 1031 Nem
503 971 582 1032 sicut
604 971 685 1030 follis
707 973 806 1049 ignem
830 973 952 1045 excitet,
982 977 1013 1033 et
1044 976 1080 1033 ut
1108 977 1221 1034 ventus

193 1064 224 1120 et
238 1079 287 1120 ros
303 1060 438 1138 gremius
452 1061 591 1136 educunt,
608 1061 650 1120 sic
665 1061 755 1120 etiam
770 1079 876 1122 succus
891 1061 1026 1122 ciborum
1041 1066 1073 1122 et
1087 1065 1222 1138 potuum
1313 1059 1314 1106 ἕ

153 1153 181 1199 10
194 1149 368 1226 sanguinem
391 1154 421 1209 et
443 1150 543 1209 tabem
566 1152 657 1226 etque
688 1169 805 1210 carnem
836 1150 964 1210 hominis
996 1170 1154 1229 exsurgere
1188 1157 1222 1211 et

194 1239 381 1316 augmentari
403 1239 527 1298 fuciunt.
572 1237 630 1299 Sed
653 1242 690 1298 ut
712 1239 793 1300 follis
815 1239 893 1317 ignis
915 1259 974 1300 non
989 1243 1034 1300 est
1049 1243 1080 1300 et
1094 1244 1130 1301 ut
1145 1260 1220 1300 ven-

193 1331 243 1386 tus
267 1331 297 1386 et
318 1347 368 1387 ros
391 1328 526 1404 gramine
544 1330 698 1405 nonsart,
722 1329 765 1387 ita
789 1347 909 1405 quoque
931 1348 986 1389 nec
1008 1347 1113 1390 succus
1136 1329 1218 1389 cibo-

198 1435 268 1474 rum
289 1417 409 1494 sanguis
432 1435 484 1476 nec
507 1435 612 1477 succus
633 1425 763 1492 potuum
778 1418 869 1493 tabes,
892 1418 943 1477 scd
959 1436 1064 1478 succus
1080 1419 1222 1478 ciborum

194 1504 356 1564 secundum
380 1505 553 1583 sangninem
577 1507 728 1566 coloretur
752 1510 783 1565 et
807 1506 839 1565 in
865 1507 930 1582 ipso
958 1510 1012 1579 est,
1042 1510 1073 1567 et
1105 1526 1215 1568 succus
1314 1557 1315 1578 2

154 1595 181 1642 1⁵
193 1595 323 1669 potuum
345 1595 509 1654 secundum
531 1595 629 1655 tabem
653 1597 782 1655 colorem
805 1595 913 1671 accipit
935 1600 966 1655 et
980 1597 1012 1655 in
1026 1596 1091 1672 ipso
1107 1600 1218 1670 menet,

193 1684 224 1742 et
245 1683 420 1760 sanguinem
442 1682 480 1743 ed
501 1684 601 1744 tebem
622 1685 666 1744 ite
689 1684 838 1744 extollunt
861 1688 892 1743 ct
915 1703 1073 1762 exsurgere
1088 1686 1216 1762 fuciunt,

193 1773 230 1830 ut
252 1772 431 1832 fermentum
453 1776 549 1834 totam
571 1791 698 1832 messem
719 1774 841 1849 farinae,
862 1773 961 1833 idest
984 1777 1109 1851 pestem,
1133 1778 1165 1834 et
1188 1775 1223 1834 in

193 1861 265 1937 ipsis
287 1862 331 1920 ite
352 1866 526 1938 permanent
549 1864 580 1922 et
601 1862 643 1921 eis
665 1864 722 1923 hoc
744 1862 832 1922 modo
856 1863 1060 1922 coadunentur
1088 1868 1118 1923 et
1146 1883 1219 1922 cum

195 1951 236 2010 eis
260 1953 289 2010 et
311 1951 342 2009 in
364 1953 406 2012 eis
428 1954 606 2012 evanescunt
628 1955 658 2010 et
680 1955 903 2012 consumuntur.

153 2043 182 2088 ’ὣ
262 2040 309 2099 Dc
332 2042 483 2115 egestione.
515 2040 601 2112 Quod
624 2043 725 2100 eutem
747 2041 778 2100 in
802 2041 937 2101 comestis
957 2040 1030 2100 cibis
1047 2044 1077 2100 et
1091 2042 1217 2116 potibus

195 2126 379 2187 delectatum
401 2133 455 2205 est,
478 2129 515 2188 nd
538 2129 679 2188 inferiore
701 2129 827 2190 hominis
850 2128 1000 2190 descendit
1022 2133 1053 2189 et
1069 2130 1101 2189 in
1117 2134 1219 2206 putre·
1315 2189 1316 2214 p

196 2216 294 2275 dinem
316 2219 456 2294 vertitur,
480 2223 511 2277 et
534 2220 696 2298 postquem
718 2219 907 2295 putredinem
929 2219 1084 2295 occeperit,
1109 2219 1146 2279 nb
1166 2219 1218 2278 ho·
1315 2229 1316 2258 l

195 2305 275 2364 mine
305 2307 425 2379 eicitur,
455 2307 705 2383 quemadmodum
733 2311 843 2381 (cum)
869 2327 946 2368 uvae
972 2327 1062 2385 super
1088 2310 1221 2368 tortular

194 2398 358 2470 ponuntur,
381 2397 488 2456 vinum
510 2397 542 2456 in
563 2415 616 2456 ves
638 2396 793 2472 excipitur,
818 2399 848 2456 et
875 2396 956 2473 quod
982 2397 1137 2457 residuum
1166 2401 1218 2473 est,

154 2488 183 2534 ‘25
197 2483 309 2544 scilicet
332 2485 468 2558 folliculi,
493 2485 672 2548 abiciuntur.

262 2574 308 2633 Dc
329 2576 490 2650 sanguiue.
534 2575 574 2634 llt
606 2593 675 2633 cum
706 2573 798 2634 homo
822 2574 907 2650 bibit,
937 2575 1079 2634 subtilior
1101 2594 1215 2650 succus,

197 2661 250 2737 qui
284 2663 315 2721 in
350 2668 425 2739 potu
459 2667 511 2736 est,
545 2662 644 2722 tebem
679 2663 835 2741 sanguinis
862 2667 1049 2741 augmentet,
1077 2667 1109 2724 et
1137 2665 1217 2741 quod

197 2750 380 2810 defoetetum
403 2757 456 2828 est,
479 2754 510 2812 in
533 2757 608 2830 potu
624 2752 662 2812 ed
677 2753 817 2813 inferiore
831 2752 989 2825 descendit,
1013 2757 1044 2813 et
1058 2756 1218 2830 postquem

197 2843 350 2899 excoctum
372 2841 473 2918 fuerit,
496 2841 532 2902 de
554 2841 673 2901 homine
696 2842 857 2920 egreditur,
880 2842 965 2902 velut
983 2842 1085 2918 liquor
1106 2842 1171 2902 vini
1188 2843 1218 2901 in

155 2934 265 2988 ³⁰vese
287 2930 424 3005 superius
447 2934 532 2990 natat
555 2934 586 2990 et
607 2931 702 2990 faeces
723 2932 756 2990 in
781 2930 875 2991 fundo
902 2931 1007 2994 iacent.
1051 2929 1128 2990 Nem
1156 2950 1217 2991 sen·

197 3016 267 3094 guis
289 3016 326 3077 de
349 3037 435 3080 succo
452 3009 595 3080 ciborum
617 3023 746 3097 nugetur
769 3023 799 3078 et
814 3021 897 3080 tabes
913 3020 1066 3096 sanguinis
1082 3019 1118 3080 de
1133 3023 1216 3097 potu,

197 3124 250 3166 nec
285 3109 406 3185 sanguis
442 3110 503 3168 sine
536 3107 604 3168 tube
636 3127 698 3168 esse
731 3110 850 3186 poterit,
885 3108 1135 3185 quemadmodum
1166 3128 1217 3168 nec

198 3195 281 3256 cibus
305 3197 366 3256 sine
389 3201 464 3275 potu
487 3199 518 3256 in
540 3197 668 3275 homine,
691 3199 832 3274 quoniam
855 3198 881 3258 si
903 3199 1023 3275 sangnis
1045 3199 1144 3259 tebem
1159 3217 1217 3259 non

197 3284 327 3358 heberet,
350 3285 444 3346 durus
468 3290 542 3347 esset
557 3306 610 3346 nec
625 3288 718 3347 undae
732 3288 852 3348 fluendo
867 3286 1003 3359 heberet;
1026 3287 1104 3346 sicut
1119 3287 1216 3362 etiem,

155 3379 184 3426 ³5
198 3374 224 3433 si
238 3372 327 3434 homo
343 3376 509 3436 comederet
523 3379 554 3436 et
568 3396 627 3435 non
642 3376 764 3449 biberet,
787 3378 870 3436 totus
886 3378 1030 3435 aresceret
1044 3394 1098 3436 nec
1117 3376 1216 3436 rivere

198 3467 307 3540 posset.
352 3464 437 3525 Unde
459 3465 560 3538 homo,
588 3466 641 3543 qui
663 3466 756 3525 malos
778 3468 809 3525 et
830 3465 995 3541 superfluos
1018 3465 1099 3525 cibos
1121 3483 1215 3525 come·

201 3552 254 3629 dit,
277 3554 391 3612 malum
413 3556 587 3633 sanguinem
609 3555 714 3630 nutrit,
738 3558 769 3613 et
791 3554 850 3630 ille,
874 3554 928 3630 qui
949 3554 1042 3614 melos
1065 3557 1096 3612 et
1117 3572 1218 3630 super·
