2662 3932
196 129 260 190 134
582 120 828 178 munneruurs

195 309 337 386 sanguine
359 306 519 383 habundat,
542 310 615 366 tunc
636 309 759 383 propter
781 306 918 378 halitum,
941 325 1031 382 quern
1052 326 1106 382 per
1127 326 1225 368 nares

194 398 227 458 iu
249 417 280 456 se
301 396 396 455 trahit
418 399 448 455 et
470 396 592 471 emittit,
625 396 746 472 sanguis
773 399 804 454 in
833 394 956 455 naribus
982 395 1098 455 aditum
1122 415 1222 473 arup-

194 487 285 546 tionis
307 485 425 545 facilius
447 485 560 544 invenit
583 504 674 560 quam
695 485 727 544 in
749 484 807 544 alio
828 483 893 543 loco
910 485 1050 560 corperis,
1073 484 1117 544 ita
1131 487 1225 561 quod

194 595 284 636 venae
307 575 419 634 cerebri
442 576 472 633 et
494 574 568 634 aliae
590 593 688 650 venae,
712 592 787 649 quae
809 573 852 633 ibi
874 574 987 633 vicinae
1009 577 1089 650 sunt,
1113 575 1151 634 ob
1168 575 1220 634 ni-

170 664 290 724 smiam
313 664 548 740 superfluitatem
572 663 724 741 sanguinis
746 662 789 722 ibi
810 667 994 738 rumpuntur
1020 665 1051 722 et
1078 663 1224 727 effluunt.

196 754 323 825 Quidam
358 753 448 812 etiam
478 752 610 812 homines
643 755 725 824 sunt,
755 753 786 810 in
819 751 930 828 quibus
966 753 1085 830 sanguis
1112 771 1220 829 supar-

194 842 360 914 habundat,
398 843 441 900 ita
471 842 552 917 quod
586 840 621 901 de
657 841 863 918 superfluitate
893 841 956 900 eius
993 841 1143 901 interdum
1184 843 1220 902 in

195 931 416 1009 spissitudinem
450 932 480 989 et
508 931 539 988 in
566 930 751 1006 nigredinem
785 930 923 992 vertitur.
976 929 1033 989 Sed
1064 949 1131 990 cum
1162 932 1220 992 isti

195 1021 319 1081 interius
348 1019 435 1079 bonas
463 1022 494 1078 et
521 1037 604 1078 sanas
632 1019 709 1080 vires
738 1019 862 1096 habent,
893 1018 948 1078 hae
976 1020 1161 1095 superfluum
1188 1024 1220 1081 et

155 1109 506 1186 10superhabundentem
529 1109 703 1186 sanguinem
726 1109 757 1166 in
779 1108 900 1168 naribus
923 1108 1042 1184 eiciunt,
1065 1109 1108 1168 ita
1131 1111 1219 1186 quod

195 1200 232 1259 de
254 1199 309 1258 hac
332 1199 470 1258 effirsione
494 1198 648 1257 cerebrum
668 1216 772 1256 eornm
788 1201 937 1275 purgatur
952 1202 983 1256 et
997 1197 1079 1258 visus
1095 1199 1219 1258 acuitur

195 1293 285 1366 atque
300 1289 379 1348 vires
394 1288 527 1364 ipsorum
541 1287 574 1345 in
588 1287 630 1346 eis
646 1286 683 1345 ad
697 1287 855 1346 sanitatem
869 1287 1062 1350 reducuntur.
1089 1287 1146 1348 Sed
1161 1289 1219 1348 alii

197 1377 330 1437 homines
353 1379 431 1451 sunt,
454 1394 582 1451 quorum
602 1376 776 1452 sanguinem
791 1395 916 1452 magnae
932 1376 1027 1436 febres
1044 1379 1074 1435 et
1088 1397 1219 1454 magnus

196 1467 298 1541 ardor,
327 1466 379 1542 qui
402 1465 433 1524 in
456 1465 527 1541 ipsis
550 1468 605 1538 est,
638 1464 788 1524 interdum
810 1465 853 1524 ita
875 1468 1007 1540 movent,
1043 1468 1080 1523 ut
1101 1467 1217 1542 unum,

156 1568 183 1613 rs
198 1553 278 1632 quod
300 1555 331 1612 in
353 1557 421 1613 utre
443 1556 594 1625 movetur,
622 1557 652 1612 et
682 1554 723 1612 sic
745 1554 920 1631 sanguinem
941 1555 973 1613 in
995 1554 1117 1614 naribus
1141 1556 1217 1616 edu·

197 1647 278 1708 eunt.
314 1644 354 1703 Et
377 1643 413 1702 de
435 1643 490 1703 hac
513 1643 665 1720 sanguinis
688 1643 828 1703 effusione
852 1643 1006 1702 cerebrum
1028 1644 1219 1720 aliquantum

197 1737 355 1793 evacuatur
387 1735 417 1792 et
449 1732 528 1791 oculi
556 1732 697 1808 caligant·
715 1734 744 1790 et
774 1733 853 1791 vires
881 1733 913 1792 in
939 1732 1056 1792 homine
1084 1733 1138 1792 illo
1168 1734 1219 1794 de·

198 1821 368 1881 bilitentur.

263 1912 308 1971 Dc
331 1928 447 1990 coryza.
492 1909 567 1970 (ium
590 1911 744 1969 cerebrum
771 1910 897 1968 hominis
924 1928 1028 1970 sanum
1052 1914 1082 1970 et
1104 1930 1220 1986 purum

157 2013 185 2058 20
200 2000 359 2077 aliquando
383 2003 435 2075 est,
462 2003 534 2058 tunc
556 1999 646 2058 etiam
669 1999 817 2058 interdurn
839 1998 973 2059 turbines
996 2001 1073 2060 aeris
1096 2003 1126 2060 et
1141 2005 1220 2062 cete-

197 2109 301 2149 rorum
324 2090 537 2149 elementorum
561 2089 597 2147 ed
621 2089 776 2148 cerebrum
800 2091 973 2166 exsurgrmt,
1006 2090 1059 2165 qui
1085 2090 1220 2151 diversos

197 2179 338 2237 humores
369 2179 400 2235 in
429 2179 529 2254 ipsum
556 2177 680 2237 trahunt
708 2184 738 2238 et
767 2178 804 2236 ab
832 2197 865 2237 eo
889 2177 1049 2237 extrahunt
1071 2182 1102 2238 et
1123 2180 1218 2239 nabu-

198 2269 296 2328 losum
318 2270 435 2326 t'ummn
458 2269 487 2326 in
511 2266 560 2326 via
582 2266 698 2324 narium
721 2270 752 2326 et
779 2268 910 2344 gutturis
933 2267 997 2326 eius
1026 2272 1144 2343 parant,
1173 2269 1221 2328 ita

198 2357 277 2433 quod
309 2356 350 2415 ibi
382 2357 503 2415 nocivus
534 2355 612 2414 livor
645 2356 832 2414 contrahitur
861 2360 898 2415 ut
929 2357 1030 2416 fumus
1058 2356 1220 2420 nebulosae

158 2456 186 2504 25
199 2465 301 2524 aquae.
345 2446 385 2504 Et
406 2446 483 2504 livor
506 2445 562 2504 iste
584 2444 626 2503 ibi
649 2445 738 2504 etiam
761 2443 910 2504 contrahit
936 2446 1138 2506 infirmitatem
1165 2446 1218 2506 de·

199 2536 307 2596 biliam
329 2535 501 2605 humorum,
532 2534 575 2592 ita
602 2534 681 2610 quod
707 2533 749 2592 ibi
777 2553 845 2594 curn
872 2534 974 2594 dolore
1000 2555 1054 2611 per
1075 2553 1160 2596 nares
1188 2541 1222 2596 et

200 2645 253 2700 per
276 2629 384 2701 guttur
406 2627 620 2700 expurgantur,
649 2623 895 2699 quemadmodum
918 2624 1030 2700 ulcera,
1058 2642 1134 2699 quae
1156 2624 1221 2683 iam

200 2718 319 2773 matura
343 2715 420 2786 sunt,
444 2731 497 2788 per
520 2712 674 2788 ruptiones
697 2731 765 2772 suas
789 2713 904 2783 livores
928 2713 980 2788 qui
1000 2714 1031 2772 in
1050 2713 1123 2789 ipsis
1138 2717 1220 2788 sunt,

201 2803 356 2876 emittunt,
388 2805 417 2860 et
439 2802 516 2860 sicut
538 2801 627 2860 etiarn
649 2802 750 2861 nullus
773 2801 856 2861 cibus
883 2803 973 2879 coqui
1001 2805 1112 2878 potest,
1144 2803 1221 2879 quin

162 2900 190 2946 30
206 2891 317 2965 sordes,
349 2910 424 2966 quae
450 2891 482 2949 in
504 2909 537 2949 eo
561 2896 639 2961 sunt,
666 2909 720 2966 per
746 2909 882 2966 spumam
907 2892 1094 2968 purgationis
1121 2891 1219 2956 eiciat.
1319 2971 1320 2975 Ἰ

202 2980 242 3038 Et
264 2981 305 3039 sic
328 2980 398 3038 facit
421 2980 519 3039 anima
537 2981 568 3038 in
584 2998 706 3055 corpore
721 2979 857 3053 hominis,
881 2999 948 3040 cum
964 2999 1064 3040 omnes
1078 2981 1220 3042 humores

202 3068 334 3145 corporis
364 3069 395 3127 in
419 3068 527 3143 oculis,
559 3071 589 3127 in
614 3068 744 3145 auribus,
772 3069 803 3127 in
825 3070 958 3142 naribuS,
991 3071 1021 3128 in
1050 3089 1101 3129 ore
1128 3074 1159 3130 et
1185 3071 1218 3130 in

202 3159 366 3236 digestione
407 3158 567 3219 secundum
604 3161 740 3216 naturam
774 3176 858 3217 suam
888 3179 942 3234 per
972 3159 1070 3236 ignem
1102 3160 1218 3219 animae
1317 3143 1318 3159 ¹

202 3250 415 3323 excoquuntur,
443 3251 479 3306 ut
501 3247 584 3307 cibus
607 3248 675 3324 igne
696 3249 878 3323 excoquitur,
903 3267 971 3308 eum
986 3266 1121 3325 spumam
1137 3249 1219 3313 eicit.

162 3345 191 3392 35
204 3335 279 3396 Cum
307 3341 407 3395 autem
428 3337 579 3399 interdum
601 3336 689 3396 bomo
712 3356 821 3396 novum
846 3341 875 3397 at
901 3337 1087 3414 incognitum
1116 3339 1216 3398 cibum
1314 3349 1315 3352 ’

202 3425 329 3484 comedit
352 3430 381 3484 et
403 3445 514 3485 novum
536 3431 566 3484 et
585 3426 770 3502 incognitum
789 3426 892 3484 vinum
914 3429 967 3484 out
989 3426 1081 3485 alium
1104 3445 1217 3486 novum

201 3519 307 3593 potum
329 3513 416 3590 bibit,
446 3518 518 3574 tunc
544 3515 580 3574 de
607 3515 691 3574 novis
718 3513 892 3574 humoribus
919 3514 978 3573 illis
1002 3515 1052 3573 alii
1076 3515 1217 3577 humores

1310 3645 1312 3709 i
