2662 3932
392 205 535 261 CAUSAE
554 205 600 260 ET
620 205 740 260 CURAE
759 207 825 260 LIB.
844 206 879 260 Il.
1078 211 1139 272 131

118 392 202 451 dum
227 391 361 467 aspargit
383 393 413 448 et
435 392 600 466 praeparat,
623 394 660 449 ut
682 389 807 449 chordae
829 410 882 466 per
905 409 1000 449 ceram
1023 410 1075 450 seu
1090 409 1144 466 par
1245 427 1248 430 -

116 481 265 540 bitumen
305 480 458 548 iuvantur,
497 480 637 554 quatinus
675 480 833 555 pulchrum
869 498 975 538 sonum
1008 479 1145 543 habeant.

117 569 229 628 Saliva
245 572 346 628 autom
363 569 475 626 munda
498 573 528 626 et
550 587 627 642 pura
650 570 732 643 esset,
755 569 813 628 nisi
836 569 917 644 quod
940 570 1036 627 anima
1058 571 1145 647 ignea

119 662 187 732 est3
212 662 243 717 et
265 659 307 717 sio
330 658 424 718 saliva
447 658 483 715 de
505 658 574 734 igue
597 659 711 716 animae
733 658 817 716 velut
840 677 945 733 spuma
968 661 1020 735 est,
1044 661 1145 734 quem·

120 748 290 806 admodum
326 766 403 822 aqua
436 745 472 804 de
505 747 573 822 igne
597 751 627 805 et
649 747 686 805 de
708 747 769 805 sole
784 765 919 822 spumam
935 747 1011 818 eicit,
1034 749 1172 807 scilicet5

122 838 164 896 de
188 838 287 896 calore
310 855 422 898 eorum.
467 835 507 894 nt
535 837 674 911 quoniam
706 837 802 894 anima
833 837 920 913 ignea
951 837 1003 907 est,
1035 835 1144 897 idcirco

123 927 219 986 etiam
244 927 271 984 ei
294 927 383 997 inest,
406 927 442 983 ut
465 943 575 999 aquosa
606 925 653 1001 sit,
687 927 826 1000 quoniam
856 927 1001 984 fenestrae
1032 927 1145 984 animae

126 1016 209 1074 oculi
244 1016 324 1089 sunt,
359 1013 412 1089 qui
445 1014 544 1090 ignem
578 1018 607 1073 et
642 1033 748 1090 aquarn
770 1016 801 1072 in
823 1033 853 1074 se
875 1014 991 1074 habent.
1037 1013 1146 1073 Sedet

126 1105 225 1170 omnis
257 1103 429 1178 humiditas,
462 1122 537 1178 quae
567 1104 598 1161 in
630 1105 749 1163 homine
772 1107 824 1179 est,
858 1122 967 1179 aquosa
989 1105 1033 1162 est
1055 1110 1085 1162 et
1108 1104 1145 1161 ad

123 1195 185 1254 iter
219 1192 430 1252 rationalitatis
463 1193 567 1268 tendit,
602 1197 638 1252 ut
666 1195 731 1269 ipsa
760 1194 943 1252 rationalitas
972 1192 1186 1251 inhominem

125 1301 233 1342 sonare
265 1283 367 1358 possit.
412 1279 488 1339 Nam
521 1281 617 1340 anima
647 1281 682 1341 de
711 1282 829 1342 cerebro
858 1285 890 1342 et
921 1283 956 1340 de
983 1282 1144 1342 visceribus

125 1391 236 1448 aquam
259 1371 291 1429 in
314 1370 436 1430 salivam
460 1371 567 1447 educit,
590 1375 626 1430 ut
641 1373 730 1450 homo
746 1373 829 1447 loqui
844 1371 945 1448 possit,
970 1371 1041 1447 quia
1055 1371 1143 1430 homo

124 1479 181 1520 nec
204 1479 310 1519 sonare
333 1478 387 1518 nec
408 1459 532 1519 verbum
555 1479 652 1520 creare
676 1465 781 1536 posset,
817 1462 842 1519 si
874 1461 1029 1520 humorem
1052 1461 1083 1518 in
1114 1479 1144 1520 se

125 1570 186 1610 non
208 1549 340 1624 haberet,
364 1548 414 1608 sed
437 1550 537 1608 aridus
561 1553 648 1623 esset3
672 1555 702 1609 et
723 1549 790 1608 ideo
812 1551 905 1609 saliva
927 1552 1011 1610 velut
1033 1551 1145 1609 bonurn

125 1640 316 1716 unguentum
346 1641 400 1714 est,
433 1638 514 1713 quod
542 1642 578 1697 ut
608 1645 797 1716 unguentum
825 1640 980 1708 sanitatem
1012 1639 1145 1715 advocat,
1160 1655 1186 1699 15

124 1730 169 1787 ita
192 1731 224 1786 et
246 1728 338 1786 saliva
360 1727 457 1787 visum
487 1731 517 1787 at
540 1727 677 1787 auditum
700 1748 734 1787 ac
757 1729 913 1787 odoratum
938 1732 967 1786 et
991 1747 1093 1786 vocem
1116 1730 1145 1787 et

123 1816 218 1878 verba
253 1820 344 1892 atque
379 1817 476 1875 omnia
509 1817 597 1876 utilia
631 1818 764 1877 sanitatis
798 1818 829 1874 in
858 1817 974 1875 homine
1002 1819 1084 1875 tanet
1115 1821 1145 1876 et

123 1906 275 1983 producit.

194 1997 241 2054 Dc
253 1995 395 2054 stomachi
408 1993 585 2074 frigiditate.
621 1995 679 2066 Qui
690 1999 789 2054 autem
802 1993 945 2071 frigidum
961 1994 1143 2052 stomachum

125 2086 225 2160 habet,
249 2083 300 2142 ille
323 2085 483 2158 plurimam
508 2104 615 2160 aquam
626 2085 745 2161 ,salivae
761 2085 839 2160 eicit,
862 2083 941 2159 quod
958 2083 1070 2142 calidus
1085 2103 1144 2143 uon
1157 2097 1185 2144 20

125 2177 185 2248 est,
220 2176 250 2232 et
282 2173 347 2231 ideo
372 2176 460 2232 etiam
484 2172 588 2232 debilis
621 2179 678 2245 est;
712 2175 764 2250 qui
794 2192 864 2234 vero
896 2172 1023 2232 calidam
1055 2173 1145 2232 habet

126 2261 323 2333 stomachum,
347 2263 492 2322 modicam
520 2282 627 2339 aquam
658 2263 767 2321 salivae
798 2263 874 2337 eicit,
909 2263 990 2337 quod
1020 2262 1145 2321 interius

127 2351 318 2428 aliquantum
341 2351 442 2410 aridus
466 2355 517 2427 est,
541 2355 572 2411 et
593 2352 660 2410 ideo
676 2371 781 2428 greum
796 2352 891 2410 febres
907 2352 993 2411 facile
1007 2351 1144 2413 incurrit.

195 2441 241 2500 De
265 2458 364 2500 carae.
410 2439 613 2516 Unaquaeque
636 2445 735 2500 autem
759 2461 826 2501 caro
848 2441 952 2500 viridis
981 2444 1025 2499 est
1052 2445 1082 2499 et
1109 2440 1145 2499 de

126 2530 280 2589 viriditate
303 2530 355 2588 illa
370 2529 494 2590 livorem
509 2531 607 2592 habet.
639 2529 685 2589 Sic
702 2532 790 2589 etiam
806 2532 837 2588 in
853 2530 988 2588 carnibus
1003 2548 1145 2604 pecorum
1158 2541 1185 2586 25

127 2619 306 2695 ostenditur,
331 2638 406 2694 quae
423 2619 606 2690 occiduntur,
623 2621 768 2695 quoniam,
792 2621 817 2679 si
832 2619 900 2676 illae
916 2618 1145 2694 suspenduntur,

126 2711 232 2785 guttae
255 2708 357 2767 livoris
378 2709 512 2768 effluunt.
560 2709 659 2767 Homo
676 2714 784 2784 autem,
800 2708 853 2784 qui
869 2727 980 2766 macras
997 2712 1026 2766 et
1042 2711 1145 2767 tenues

129 2815 230 2856 carnes
264 2797 363 2872 habet,
399 2799 523 2857 livorem
558 2799 594 2856 de
628 2817 658 2856 sc
692 2798 809 2856 facilius
840 2797 1006 2855 exsudando
1035 2797 1147 2855 emittit

128 2905 219 2961 quam
243 2886 302 2960 ille,
336 2887 388 2962 qui
410 2886 572 2964 pinguibus
596 2887 733 2946 carnibus
758 2890 896 2946 oneratus
920 2892 972 2961 est,
1004 2887 1145 2961 quoniam

127 2975 188 3046 ille,
212 2976 264 3050 qui
286 2995 399 3034 macras
422 2981 452 3034 et
473 2981 576 3035 tenues
600 2995 699 3036 carnes
723 2977 753 3034 in
774 2995 896 3052 corpore
912 2995 965 3034 suo
981 2977 1077 3051 habet,
1100 2979 1186 3034 estao

127 3067 164 3122 ut
189 3082 289 3122 caseus
316 3065 453 3140 plurimis
485 3066 678 3124 foraminibus
711 3066 887 3140 perforatus,
922 3065 973 3141 qui
1008 3085 1067 3123 non
1101 3067 1145 3123 est

128 3153 249 3212 fortiter
273 3171 464 3229 compressus.
508 3155 548 3213 Ilt
570 3173 620 3212 aar
643 3173 675 3214 ao
698 3158 794 3213 cetera
817 3155 959 3213 elementa
975 3173 1043 3212 eum
1059 3154 1145 3212 facile

129 3245 348 3317 pertranseunt.
393 3242 478 3301 Unde
502 3244 590 3302 etiam
615 3245 700 3302 facile
722 3245 862 3302 humores
889 3245 920 3301 in
948 3263 978 3301 se
1004 3242 1093 3302 habet
1115 3247 1145 3301 et

129 3332 295 3406 plurimum
319 3335 442 3406 excreat,
467 3332 538 3408 quia
559 3337 662 3392 tenues
686 3351 785 3392 carnes
808 3333 904 3391 habet.
950 3333 1033 3390 Tunc
1055 3332 1144 3390 etiarn

129 3421 210 3479 calor
233 3431 263 3479 et
285 3426 391 3498 gustus
415 3422 549 3480 ciborum
573 3425 603 3480 et
624 3426 750 3497 potuum
774 3421 810 3479 de
833 3420 982 3480 stomacho
1004 3423 1067 3479 aias
1082 3439 1144 3480 sur·
1158 3432 1186 3478 35

130 3513 207 3586 gunt
231 3511 260 3567 et
283 3510 320 3568 ad
342 3511 426 3568 iecur
449 3514 478 3569 et
501 3512 536 3569 ad
562 3530 612 3570 cor
634 3513 664 3569 et
686 3512 723 3569 ad
746 3511 917 3585 pulmonem
939 3515 976 3568 ut
1000 3529 1144 3569 venenum

132 3599 283 3675 fumigant
305 3603 335 3658 at
358 3600 530 3672 ascendunt;
554 3599 604 3658 sad
628 3601 708 3658 calor
729 3599 834 3658 iecoris
857 3602 888 3658 et
910 3598 1005 3658 cordis
1029 3617 1061 3657 ao
1076 3599 1144 3673 pul·

982 3701 1020 3754 9*
