2680 3938
381 160 524 217 CAUSAE
542 161 589 218 ET
608 161 729 218 OURAE
747 162 814 220 LIB.
833 163 868 218 11.
1087 169 1128 230 49

96 352 177 408 tam
200 347 292 407 fortes
315 349 418 406 contra
440 365 532 422 equas
555 351 625 406 sunt
647 347 725 405 sicut
746 348 853 423 nubes,
882 347 926 406 ita
952 347 1034 424 quod
1062 347 1130 425 igne

97 441 136 498 et
163 436 316 498 coloribus
347 435 410 494 suis
441 453 533 511 squas
564 435 705 512 sustinet,
736 439 772 494 ut
801 439 865 495 rate
892 436 986 512 pisces
1012 437 1129 510 retinet,

96 546 142 588 ns
176 526 212 585 de
240 543 271 586 se
302 524 436 588 effluant.
480 523 520 583 Et
542 530 611 600 post
634 524 784 584 diluvium
811 526 905 586 maior
932 525 1077 600 sapientia
1100 529 1130 585 et

98 616 239 674 maiores
270 615 398 673 virtutes
431 614 525 673 faotse
554 616 625 672 sunt
656 613 688 672 in
718 614 889 674 hominibus
924 633 1015 690 quam
1045 615 1130 691 prius

100 705 238 764 fuissent
260 706 291 763 et
313 702 528 779 apparuissent.
565 704 644 762 Ante
667 703 816 763 diluvium
839 705 940 764 eutem
962 706 1026 762 tote
1047 708 1155 763 terrae

99 792 282 853 hominibus
310 795 341 852 et
369 791 469 852 bestiis
500 793 587 868 plena
617 792 689 868 fuit,
720 811 774 852 nac
796 793 882 868 aquis
910 810 963 852 neo
985 793 1067 853 silvis
1090 793 1127 852 ab

101 883 239 946 invicem
262 881 389 958 separati
411 881 542 956 fuerunt,
567 881 639 959 quia
660 881 793 941 nondum
815 900 923 958 magns
938 881 1060 941 flumina
1075 885 1129 942 sut

103 991 237 1049 magnae
260 972 352 1031 silvae
374 972 466 1046 crant,
490 971 541 1030 sed
556 974 677 1030 tentum
691 970 789 1032 fontes
804 974 835 1030 et
849 970 935 1045 parvi
950 971 1049 1042 rivuli,
1075 971 1128 1047 qui

103 1062 200 1120 facile
222 1059 408 1120 transvadari
431 1062 603 1135 potuerunt,
627 1063 658 1119 et
679 1077 776 1135 pauca
798 1078 926 1136 nemora,
950 1078 1026 1136 quae
1041 1060 1128 1118 facile

103 1150 245 1210 hominos
288 1148 536 1216 transcurrebant,
598 1148 655 1208 Sed
701 1153 769 1226 post
815 1149 963 1209 diluvium
1007 1149 1129 1225 quidam
1143 1159 1170 1204 10
1266 1149 1269 1154 '

105 1241 209 1300 fontes
236 1242 266 1298 et
293 1238 415 1315 quidem
442 1237 534 1297 rivuli
565 1238 597 1296 in
627 1257 736 1315 magns
762 1241 792 1298 et
818 1238 985 1315 periculosa
1007 1238 1130 1298 flumina

104 1329 197 1390 cffirsi
220 1331 298 1404 sunt,
323 1330 353 1386 et
376 1345 500 1404 magnae
523 1327 614 1387 silvae
637 1330 802 1402 creverunt,
833 1327 942 1404 quibus
964 1327 1054 1386 otiam
1075 1327 1127 1386 ho·

106 1419 206 1478 mines
230 1420 260 1476 et
282 1417 395 1476 bestias
417 1417 546 1491 separati
567 1419 651 1487 sunt,
683 1417 727 1476 ita
755 1417 836 1492 quod
865 1420 970 1493 postes
997 1417 1129 1476 homines

106 1507 223 1568 bestias
251 1509 282 1566 et
309 1506 418 1565 bestico
446 1505 579 1565 homines
601 1505 808 1568 abhorrebant.
846 1503 922 1566 Nem
949 1505 1040 1564 etiam
1063 1509 1129 1566 ante

108 1595 263 1656 diluvium
285 1614 344 1655 non
366 1594 454 1670 pluit,
478 1595 530 1654 sed
544 1598 663 1654 tantum
677 1614 726 1656 ros
742 1599 957 1670 superterram
973 1594 1129 1658 descendit.
1143 1606 1169 1650 15

107 1685 278 1762 Postquam
306 1687 406 1744 autem
430 1686 510 1742 terra
536 1685 657 1760 perfusa
684 1688 729 1744 est
757 1687 788 1743 et
814 1684 930 1744 firmate
957 1684 989 1742 in
1017 1683 1130 1746 diluvio

109 1775 206 1850 aquis,
229 1777 309 1832 terra
331 1773 509 1833 naturaliter
532 1773 668 1848 pluviam
689 1792 836 1850 equarum
858 1774 943 1848 petit

178 1863 225 1922 Dc
246 1867 343 1922 terrac
365 1865 435 1922 sito.
467 1861 506 1920 Et
530 1866 609 1922 terro
630 1862 748 1922 modice
770 1865 815 1921 est
837 1868 868 1921 et
888 1880 981 1938 propo
1003 1862 1131 1921 fundum

110 1953 291 2012 firmamenti
313 1954 369 2024 est,
403 1951 484 2027 quod
511 1952 536 2010 si
565 1952 596 2011 in
619 1952 716 2012 modio
739 1951 916 2011 firmamenti
939 1954 1026 2023 essct,
1058 1954 1130 2010 tunc

112 2061 180 2102 eam
208 2044 361 2116 oporteret
386 2039 529 2100 maiorem
556 2059 618 2102 esse
642 2044 672 2100 et
693 2044 766 2100 tuno
788 2041 878 2100 etiem
901 2039 986 2100 facile
1013 2039 1171 2100 caderetis

112 2134 143 2190 ot
173 2130 407 2206 dirumperetur,
445 2130 471 2188 si
501 2131 616 2189 tantem
645 2129 872 2205 amplitudinem
900 2130 976 2189 aeris
1010 2129 1065 2188 sub
1100 2148 1130 2190 se

111 2219 243 2294 haberat,
268 2223 409 2296 quantam
435 2237 525 2294 super
552 2237 582 2280 sc
609 2218 706 2281 hsbet.
752 2217 810 2278 Sed
837 2221 867 2278 et
893 2219 958 2294 ipsa
984 2218 1022 2277 ed
1044 2219 1129 2277 meri·

113 2308 191 2368 diem
224 2309 309 2386 quasi
341 2308 495 2368 descensus
528 2309 637 2368 montis
665 2311 722 2384 est,
757 2309 836 2367 unde
870 2308 960 2368 etiam
996 2307 1039 2366 ibi
1068 2327 1130 2368 ma·

112 2399 204 2458 iorem
237 2398 363 2458 calorem
395 2397 431 2456 do
461 2398 523 2457 sole
553 2397 650 2469 habet,
683 2398 754 2474 quie
780 2398 827 2457 sol
855 2401 886 2456 et
911 2396 1131 2456 firmamentum

114 2488 171 2563 ipsi
193 2487 336 2547 viciniora
359 2487 402 2546 ibi
424 2490 503 2546 sunt.
549 2486 597 2546 Ad
621 2487 790 2563 aquilonem
818 2505 889 2546 vero
923 2486 984 2546 slts
1010 2489 1054 2545 est
1081 2485 1129 2544 ed·
1143 2489 1171 2538 25

81 2627 85 2638 .
113 2595 232 2636 versum
258 2593 379 2652 pocnss,
408 2579 439 2636 at
461 2576 551 2635 ctiam
579 2575 622 2635 ibi
645 2576 741 2636 maius
764 2575 862 2652 frigus
890 2576 947 2646 est,
980 2575 1051 2651 quis
1078 2593 1130 2636 nec

115 2665 332 2725 firmamentum
354 2683 407 2725 nec
430 2664 475 2726 sol
497 2665 539 2724 ibi
561 2683 654 2740 prope
676 2667 787 2724 terram
809 2667 888 2740 sunt,
910 2664 961 2724 sed
984 2663 1131 2740 quosdam
1211 2687 1212 2690 ¹

115 2754 208 2814 maior
230 2753 396 2829 amplitudo
420 2754 606 2817 firmamenti.

181 2843 264 2917 Quod
292 2844 378 2902 tom
409 2847 523 2904 ecastor
553 2840 591 2904 dc
621 2843 781 2904 elementis.
831 2840 917 2902 Nunc
947 2845 1060 2919 eutem,
1094 2845 1130 2902 ut

116 2932 339 3008 supradictum
362 2935 414 3009 est,
439 2931 690 3009 quemadmodum
713 2933 856 2992 elementa
871 2931 1017 2990 mundum
1040 2931 1130 2992 simul
1143 2937 1172 2984 80

117 3021 277 3097 continent,
311 3022 353 3081 sic
380 3022 472 3080 etiam
503 3021 646 3082 elementa
674 3040 817 3099 compago
841 3021 971 3098 corporis
1001 3021 1129 3080 hominis

116 3113 188 3182 sunt,
222 3114 314 3188 atque
341 3110 444 3171 effusio
476 3115 507 3170 st
529 3111 627 3170 officis
655 3130 760 3170 eorum
787 3110 830 3170 ita
857 3129 888 3170 se
916 3110 1054 3172 dividunt
1076 3129 1130 3185 per

117 3199 273 3275 hominem,
304 3204 340 3260 ut
369 3199 490 3260 insimul
517 3200 718 3276 contineatur,
746 3201 830 3261 velut
852 3200 941 3260 etism
971 3218 1024 3276 pcr
1046 3218 1129 3260 mun·

119 3289 183 3348 dum
206 3289 298 3348 effuse
320 3293 390 3348 sunt
412 3293 442 3350 at
469 3292 639 3365 operantur.
684 3289 765 3367 Ignis
789 3289 875 3361 enim,
906 3308 967 3360 aar,
995 3307 1072 3364 aqua
1099 3291 1130 3347 et

118 3379 189 3436 terra
216 3378 249 3438 in
277 3378 397 3438 homins
429 3381 512 3453 sunt,
545 3381 575 3438 et
603 3398 637 3439 ex
665 3377 711 3438 his
734 3382 855 3438 constet.
894 3375 969 3436 Nam
998 3397 1033 3436 ex
1056 3377 1125 3454 igno
1141 3384 1170 3431 85

119 3465 199 3527 hebet
225 3468 365 3538 calorem,
398 3487 433 3526 ex
456 3487 522 3527 sere
549 3467 690 3542 halitum,
723 3487 758 3528 ex
785 3487 864 3544 aqua
896 3467 1069 3543 sanguinem
1100 3469 1130 3525 et

119 3573 148 3614 ex
166 3561 244 3616 torre
266 3575 391 3630 carnem,
415 3557 458 3616 its
481 3557 563 3633 q'uod
586 3557 678 3616 etiam
710 3556 746 3616 dc
769 3555 838 3634 igne
860 3555 950 3615 hebet
964 3556 1070 3630 visum,
1093 3555 1129 3614 de

166 3664 320 3720 Hildegardis
335 3677 424 3710 musae
441 3667 466 3711 st
480 3677 553 3711 curce
569 3665 608 3709 ed.
623 3664 741 3710 Kaisar.
988 3659 1005 3710 4
