2662 3932
173 139 236 197 140
559 127 804 182 sinunoasms

172 317 227 374 hoo
250 333 324 390 opus
347 313 474 387 faciunt,
504 332 562 372 non
583 313 712 371 multum
740 311 842 370 exinde
872 313 903 369 iu
933 311 1024 370 oculis
1048 331 1102 388 per
1125 314 1205 372 cali-

172 405 271 482 ginem
293 403 461 463 laeduntur.

241 495 288 552 De
311 491 450 552 medulla.
480 491 612 550 Medulla
636 495 735 548 autem
759 491 789 548 iu
815 490 928 549 ossibus
950 490 1078 549 hominis
1093 491 1202 548 firma-

173 586 306 640 mentum
330 584 374 639 est
397 581 490 640 totius
514 581 646 655 corporis
670 580 740 653 eius,
764 585 793 638 et
815 579 880 655 ipsa
902 579 1035 638 medulla
1057 579 1200 656 aliquan-

146 677 239 731 stum
262 671 355 746 spissa
378 675 421 728 est
450 673 479 728 et
501 688 560 728 non
581 668 726 727 inundans
750 687 784 727 ao
810 671 911 726 tantae
942 669 1130 727 fortitudinis
1167 673 1202 727 et

172 759 288 818 roboris
309 759 340 817 iu
364 759 478 818 ossibus
501 757 627 817 hominis
649 761 685 815 ut
708 758 811 816 corin
839 757 955 833 reliquo
985 775 1115 832 corpore,
1150 765 1202 816 at-

175 867 232 925 que
256 847 460 907 ardentissimo
485 847 589 906 ardore
613 847 704 919 ardet,
736 847 779 904 ita
808 846 888 922 quod
916 847 995 906 calor
1019 847 1082 905 eius
1105 865 1202 922 super

178 939 305 997 calorem
328 937 406 1012 ignis
430 941 481 1006 est,
506 937 645 1012 quoniam
661 936 738 1012 ignis
754 935 886 1012 extingui
901 938 1007 1010 potest,
1030 936 1108 1012 ignis
1123 955 1201 994 vero

173 1027 318 1086 medullae
340 1045 398 1084 non
418 1026 617 1102 extinguetur,
642 1025 785 1100 quamdiu
804 1024 892 1083 homo
912 1025 1002 1096 vivit3
1026 1025 1076 1084 sed
1097 1026 1201 1084 calore

134 1125 161 1171 10
174 1122 204 1175 et
237 1117 344 1174 sudoro
376 1133 430 1173 suo
466 1133 530 1174 ossa
563 1114 723 1190 pertransit
751 1120 781 1172 et
802 1118 864 1172 tam
887 1133 952 1173 ossa
975 1133 1065 1188 qnam
1094 1117 1202 1173 totum

174 1223 281 1280 corpus
304 1204 430 1263 hominis
453 1204 609 1263 confortat.

240 1295 285 1352 De
307 1295 402 1352 tribus
434 1292 579 1352 medullae
610 1293 734 1353 viribus.
780 1291 855 1350 Nam
878 1293 957 1351 calor
980 1292 1059 1367 ignis
1082 1293 1114 1350 in
1137 1312 1200 1350 ma-

176 1383 260 1441 dulla
293 1386 337 1441 est
367 1385 403 1440 ut
434 1382 512 1458 ignis
529 1382 574 1462 ¹in
608 1381 707 1456 lapide
742 1386 771 1440 et
804 1385 864 1440 tres
887 1381 965 1439 vires
987 1381 1019 1438 in
1042 1399 1072 1440 ss
1096 1381 1200 1444 habet.

174 1471 241 1530 Una
262 1472 294 1530 vi
317 1469 489 1547 sauguinem
511 1470 656 1546 incendit,
685 1473 721 1528 ut
750 1471 835 1542 fluat;
868 1470 925 1527 alia
956 1469 1069 1529 diverso
1104 1471 1200 1530 modo

135 1572 162 1616 15
175 1561 348 1636 sanguinem
379 1565 447 1618 tam¹
472 1580 489 1617 a
511 1560 576 1618 viro
607 1579 697 1635 quam
720 1579 737 1616 a
760 1559 884 1617 muliare
906 1559 1056 1617 interdum
1080 1559 1200 1632 educit3

176 1649 265 1710 tertia
287 1649 437 1708 ardentem
461 1653 491 1707 et
514 1649 630 1708 dulcem
653 1652 776 1726 gustum
800 1651 829 1706 et
851 1648 1007 1706 sudantem
1030 1667 1063 1706 ao
1090 1648 1199 1707 arden-

175 1743 238 1798 tem
259 1741 383 1797 ventum
406 1738 573 1797 suavissimi
596 1737 704 1796 amoris
726 1737 880 1814 geniturae
902 1737 1049 1812 producit.

242 1829 287 1888 De
309 1829 536 1888 incontinentia.
581 1827 620 1885 Et
650 1827 706 1885 iste
736 1826 839 1885 ardens
862 1830 969 1886 ventus
991 1825 1143 1902 interdum
1166 1827 1201 1885 in

177 1918 270 1976 otioso
293 1921 324 1976 et
345 1916 428 1974 nulla
451 1915 648 1975 sollicitudine
671 1917 815 1990 occupato
838 1914 957 1973 homine
977 1915 1080 1991 surgit
1107 1919 1138 1974 at
1165 1916 1200 1974 in

137 2015 164 2061 20
177 2009 281 2083 pectus
304 2006 366 2064 eius
389 2007 442 2064 flat
464 2010 494 2064 et
515 2005 663 2063 homiuem
685 2005 772 2062 illum
795 2005 982 2080 aliquantum
996 2004 1109 2063 laetum
1123 2004 1201 2063 facit

178 2099 208 2154 et
230 2095 273 2154 ita
295 2094 331 2152 de
354 2098 471 2170 pectore
494 2095 556 2153 eius
578 2095 610 2151 iu
632 2094 787 2152 cerebrum
802 2093 934 2153 ascendit
949 2096 980 2152 at
1000 2093 1077 2151 illud
1096 2097 1199 2152 totum

178 2203 212 2242 ao
235 2202 322 2243 venas
346 2183 408 2242 eius
432 2183 552 2242 ardente
575 2183 671 2241 calore
692 2183 805 2258 implet,
829 2185 919 2258 atque
937 2185 1010 2241 tuno
1026 2182 1116 2241 etiam
1130 2183 1199 2258 pul·-
1318 2231 1319 2274 ἦ

177 2291 295 2332 monem
319 2275 349 2330 et
372 2291 422 2331 cor
444 2272 541 2348 tangit
564 2275 594 2331 et
625 2271 667 2330 sio
701 2271 738 2330 ad
770 2271 909 2348 genitalia
940 2272 1005 2330 loca
1038 2271 1130 2342 vadit,
1167 2272 1201 2330 in
1318 2295 1319 2300 ¹

178 2363 243 2422 viro
266 2363 297 2419 in
320 2362 445 2436 lumbos
467 2361 498 2418 in
522 2361 646 2419 muliere
668 2361 700 2418 in
723 2360 907 2419 umbilicum.
952 2361 992 2418 Et
1014 2365 1086 2419 tuno
1109 2361 1199 2419 scien·
1318 2365 1319 2442 J

137 2460 165 2506 25
178 2453 221 2512 tia
243 2451 370 2510 hominis
393 2451 435 2510 sio
458 2449 607 2508 obdormit
628 2469 681 2524 per
703 2449 910 2526 ignorantiam.

246 2543 293 2600 De
308 2542 499 2614 successione.
530 2538 586 2597 Sed
602 2543 632 2597 et
646 2541 718 2597 tunc
741 2539 832 2597 etiam
853 2539 1008 2614 suggestio
1032 2538 1143 2597 diaboli
1166 2541 1198 2598 iu
1318 2543 1319 2554 ¹

178 2629 333 2706 tyrannide
355 2628 539 2704 tempestatis
561 2647 591 2686 se
613 2628 659 2686 his
683 2627 832 2703 adiunget,
856 2630 886 2686 et
907 2627 996 2686 homo
1012 2627 1063 2685 ille
1079 2627 1117 2686 ad
1131 2627 1198 2687 libi·

179 2719 277 2777 dinem
310 2717 471 2777 exardescit
505 2716 698 2776 verecundiae
736 2717 857 2777 oblitus.
902 2715 960 2775 Sed
992 2719 1023 2775 st
1054 2735 1123 2775 cum
1154 2717 1199 2776 sol

179 2807 284 2881 oritur,
320 2827 369 2866 aer
400 2809 431 2864 et
464 2825 512 2866 ros
540 2807 567 2864 si
595 2807 626 2864 in
654 2807 818 2865 ministerio
846 2809 1014 2880 occurrunt,
1045 2805 1089 2864 ita
1118 2807 1201 2882 quod

139 2907 166 2952 30
181 2915 231 2955 aer
260 2895 306 2953 illi
338 2896 468 2970 aliquam
495 2895 689 2972 frigiditatem
712 2899 742 2954 et
764 2913 812 2954 ros
836 2895 966 2971 aliquam
988 2894 1199 2954 humiditatem

179 2983 392 3058 subministrat,
422 3003 475 3060 per
502 3003 578 3059 quae
600 2985 631 3043 in
654 2985 749 3043 calore
771 2985 850 3060 ignis
873 2984 920 3043 sui
943 2986 1134 3060 temperatur,
1157 2985 1199 3044 sic

180 3073 261 3152 qnod
291 3073 412 3145 calidus,
444 3074 572 3150 frigidus
602 3078 631 3132 et
660 3073 800 3132 humidus
833 3072 870 3131 ad
898 3090 1015 3132 omnem
1036 3073 1200 3133 utilitatem

178 3164 333 3222 fructuum
356 3167 451 3222 terrae
474 3163 631 3226 descendit.

245 3253 291 3312 De
313 3252 458 3312 medullae
480 3253 625 3326 lampaia.
671 3250 754 3309 Siout
778 3252 823 3310 sol
845 3254 942 3310 tarrae
962 3252 1090 3310 calorem
1106 3251 1199 3323 affert,

144 3341 228 3402 scita
249 3347 280 3400 et
301 3342 433 3400 medulla
454 3341 581 3401 hominis
603 3343 667 3400 toto
691 3341 809 3416 corpori
841 3341 968 3400 calorem
1000 3340 1116 3411 tribuit,
1142 3340 1200 3399 ‘aad

184 3430 301 3490 validus
324 3433 430 3490 ventus
448 3431 483 3489 de
499 3428 649 3490 stomacho
665 3430 748 3489 velut
763 3449 812 3487 aer
828 3429 926 3488 exiens
940 3429 1039 3506 ignem
1053 3429 1200 3487 medullae

184 3519 371 3596 aliquantum
405 3519 569 3596 infrigidat,
602 3523 632 3577 et
665 3518 827 3577 humiditas
860 3517 895 3576 de
929 3517 1024 3578 vesica
1045 3518 1129 3577 velut
1152 3536 1199 3576 ros
