2680 3938
403 149 546 220 crosis
565 163 612 218 nr
631 164 753 223 ocean
771 163 839 220 nie.
857 163 892 218 Π.
1113 169 1154 228 59

129 351 259 408 tantum
281 347 416 408 ardorem
439 347 518 426 ignis
541 349 701 422 emitteret,
727 348 808 426 quod
830 367 882 409 nec
897 351 977 408 terra
992 367 1045 408 neo
1061 350 1156 408 cetera

135 440 285 498 elementa
309 440 363 497 aut
384 437 459 496 aliae
483 441 636 498 creaturae
657 437 714 498 hoc
736 438 857 498 sufferre
878 439 1020 514 possent]

204 528 251 587 Dc
269 524 383 606 furora.
415 525 492 585 Nam
514 528 540 587 si
562 528 594 587 in
613 526 731 587 homine
746 526 855 586 humor
870 545 948 587 unus
963 527 1038 586 alios
1052 545 1151 604 euper-

129 616 311 676 habundans
330 618 446 676 rectum
461 616 596 676 ordinem
609 634 697 675 suum
712 619 742 676 et
757 633 926 675 mensuram
939 635 997 676 non
1012 616 1152 688 tenuerit,

131 707 227 766 homo
250 705 301 765 ille
325 705 430 765 debilis
453 708 484 765 et
505 705 640 765 infirmus
663 706 732 778 erit;
764 705 878 765 sivero
900 705 960 764 duo
985 705 1185 764 inordinatos

132 795 252 873 pariter
273 795 305 854 in
331 794 450 854 homine
478 795 706 867 exsurrexerint,
740 794 793 853 ille
825 792 932 852 durare
963 813 1022 853 non
1049 797 1155 871 potest,

135 885 212 962 quie
239 887 292 944 aut
322 883 399 943 furit
432 886 485 943 aut
514 884 634 944 omnino
665 885 698 942 in
730 901 852 959 corpore
886 883 978 959 perit,
1015 884 1156 960 quoniam

132 973 209 1033 haec
231 976 310 1034 recte
332 973 425 1032 mixte
450 991 509 1032 non
535 976 618 1048 eunt3
650 975 704 1032 ant
733 973 759 1034 ei
790 975 850 1032 tres
882 990 913 1031 se
943 972 1034 1031 simul
1064 990 1156 1049 supra

137 1063 264 1122 modum
295 1081 385 1122 suum
414 1060 611 1136 extenderint,
642 1061 691 1122 hic
718 1062 807 1122 homo
833 1061 1009 1121 debilitatur
1038 1064 1069 1120 et
1096 1062 1155 1121 cito

135 1152 294 1213 morietur.
331 1149 363 1210 Si
386 1155 486 1210 autem
509 1170 608 1211 omnes
636 1154 766 1228 quatuor
787 1151 954 1210 inordinate
977 1150 1154 1226 efflaverint,
1170 1160 1197 1205 10

137 1241 230 1301 homo
253 1241 304 1300 ille
327 1241 387 1300 cito
410 1240 442 1299 in
463 1240 528 1300 ictu
551 1241 631 1300 oculi
653 1241 737 1300 etin
759 1243 909 1300 momento
933 1239 969 1299 ab
993 1239 1035 1299 eis
1056 1238 1156 1299 subito

139 1329 297 1403 occiditur,
319 1329 459 1407 quoniam
474 1330 512 1388 ad
528 1329 646 1389 nullum
660 1333 779 1406 tempus
794 1329 953 1410 subsistere
973 1331 1085 1406 posset,
1105 1329 1157 1390 sed

139 1423 225 1480 totus
256 1418 490 1495 dirumperetur,
523 1419 607 1479 velut
637 1419 735 1478 omnia
761 1418 793 1478 in
820 1418 981 1479 novissimo
1009 1418 1057 1477 die
1088 1436 1155 1478 con·

136 1509 310 1584 cutiuntur,
340 1527 409 1568 cum
432 1510 563 1584 quatuor
585 1509 729 1567 elementa
750 1508 809 1567 eibi
830 1509 958 1569 invicem
980 1512 1156 1585 repugnant.

208 1597 254 1657 Dc
276 1598 362 1658 Adae
381 1597 590 1670 phanaticos
635 1596 716 1656 Deus
738 1597 809 1657 fecit
836 1597 871 1656 de
897 1596 972 1657 limo
1000 1596 1156 1673 hominem,
1170 1605 1198 1650 so

138 1686 193 1747 sed
225 1686 273 1746 vir
303 1687 439 1746 mutatus
470 1689 515 1746 est
548 1686 584 1746 de
613 1686 686 1746 limo
717 1686 747 1745 in
781 1703 910 1761 carnem,
944 1689 975 1744 et
1009 1686 1076 1746 ideo
1113 1690 1158 1746 est

137 1776 263 1854 proprie
298 1793 386 1835 causa
423 1778 454 1834 et
488 1774 656 1836 dominator
693 1778 854 1835 creaturae.
910 1774 1013 1851 Atque
1045 1776 1158 1834 terram

137 1867 296 1943 operatur,
332 1867 368 1924 ut
390 1865 507 1925 fructus
529 1865 641 1941 pariat,
673 1867 704 1923 et
730 1867 776 1924 eet
801 1863 948 1924 fortitudo
975 1863 1007 1922 in
1034 1863 1157 1940 ossibue,

140 1955 175 2013 in
197 1954 279 2013 venis
303 1972 337 2014 ac
359 1953 391 2013 in
413 1972 508 2026 carne,
532 1956 563 2012 et
586 1957 632 2013 est
652 1953 770 2031 integro
794 1954 890 2031 capite
913 1971 947 2012 ac
969 1953 1062 2029 spissa
1088 1956 1157 2012 cute

137 2047 231 2120 atque
254 2043 463 2104 fortitudinem
485 2061 571 2104 suam
593 2043 674 2119 apud
697 2061 727 2102 se
750 2041 840 2102 habet
854 2044 885 2102 et
900 2060 999 2101 semen
1013 2041 1156 2118 producit
1170 2049 1198 2095 ao

138 2133 219 2193 sicut
241 2133 286 2192 sol
308 2132 420 2192 lumen.
466 2131 576 2191 Mulier
599 2136 701 2191 autem
723 2135 840 2192 mutata
862 2150 922 2190 non
945 2134 1004 2202 est,
1028 2132 1099 2207 quia
1121 2131 1157 2190 de

138 2240 228 2282 carne
261 2223 384 2298 sumpta
420 2239 488 2281 caro
527 2221 702 2298 permensit,
741 2224 771 2280 et
804 2220 871 2280 ideo
910 2220 1013 2279 datum
1051 2223 1096 2280 est
1130 2220 1158 2280 ei

139 2309 336 2370 artificiosum
363 2328 439 2386 opus
467 2329 624 2385 manuum,
657 2313 687 2370 et
717 2310 803 2387 quasi
825 2328 910 2370 aerea
932 2313 988 2381 est,
1017 2310 1157 2386 quoniam

137 2400 283 2459 infantem
305 2400 337 2458 in
359 2402 447 2459 utero
470 2401 573 2476 portat
596 2402 626 2458 et
648 2418 718 2458 eum
740 2403 870 2476 generat.
901 2398 1003 2476 Atque
1027 2399 1157 2459 divisum

139 2491 231 2565 caput
251 2488 342 2549 habet
364 2490 395 2548 et
416 2492 537 2547 tenuem
560 2491 667 2562 cutem,
689 2488 802 2548 scilicet
823 2491 860 2548 ut
882 2487 987 2564 infans,
1012 2507 1102 2564 quem
1123 2489 1155 2546 in
1169 2493 1197 2539 25

141 2581 230 2638 utero
252 2580 362 2654 portat,
385 2596 483 2637 aerem
505 2577 614 2637 habere
636 2577 738 2654 possit.

206 2667 254 2727 Dc
276 2669 425 2741 concepta.
470 2667 542 2726 Tale
565 2670 666 2726 autem
695 2670 739 2726 est
769 2666 890 2725 initium
918 2667 1003 2726 ortus
1031 2668 1062 2724 et
1093 2684 1156 2726 coa

140 2755 303 2834 gulationis
338 2756 483 2832 cuiusque
521 2756 657 2818 hominis.
713 2755 750 2813 In
779 2755 898 2814 homine
929 2757 975 2814 est
1007 2755 1156 2831 voluntas,

138 2845 347 2921 consideratio,
379 2848 511 2921 potestas
543 2847 573 2903 et
608 2862 771 2908 consensus.
817 2844 965 2904 Voluntas
998 2844 1156 2921 praecedit,

140 2933 213 3010 quia
235 2935 362 3011 quisque
384 2934 473 2994 homo
495 2934 683 2995 voluntatem
696 2932 787 2993 habet
805 2933 884 2993 illud
898 2934 947 2994 vel
961 2932 1038 2992 illud
1052 2933 1155 2995 facere.
1169 2940 1197 2985 30

139 3023 179 3082 Et
201 3023 397 3083 consideratio
424 3024 561 3101 sequitur
587 3026 618 3082 et
645 3023 764 3100 aspicit,
793 3026 898 3081 utrum
924 3041 1014 3083 causa
1041 3022 1094 3082 illa
1116 3023 1156 3082 sit

140 3113 314 3172 conveniens
341 3115 395 3172 aut
421 3112 640 3190 inconveniens,
672 3112 773 3172 sobria
800 3131 838 3170 an
864 3111 1025 3188 impudica
1071 3111 1156 3171 Tunc

139 3203 269 3277 potestas
291 3202 440 3278 sequitur,
473 3221 549 3278 quae
576 3220 653 3278 opus
673 3200 845 3278 perficiendi
872 3201 904 3260 in
932 3200 1087 3278 sehabet,
1119 3205 1155 3260 ut

140 3290 217 3350 illud
248 3291 390 3368 perficiet
439 3291 479 3350 Et
510 3309 665 3352 consensus
698 3291 848 3367 sequitur,
885 3290 956 3366 quia
988 3308 1063 3366 opus
1094 3309 1154 3350 non

140 3381 238 3454 potest
259 3380 370 3457 perfici,
393 3379 466 3457 quin
489 3399 645 3441 consensus
667 3379 778 3453 laudet,
800 3381 838 3440 ut
860 3379 1030 3441 consentiat
1074 3379 1153 3439 Istae
1167 3385 1197 3432 ³⁵

142 3471 271 3544 quatuor
293 3470 371 3530 vires
393 3473 464 3528 sunt
485 3469 517 3529 in
537 3473 609 3530 ortu
635 3469 772 3529 hominis.
819 3468 903 3527 Tunc
934 3470 1065 3544 quatuor
1097 3469 1154 3527 ele-

142 3562 251 3632 menta,
285 3578 360 3636 qnae
384 3561 514 3635 quatuor
541 3558 681 3619 humores
708 3559 741 3617 in
767 3557 886 3618 homine
915 3557 1055 3630 excitant,
1087 3575 1155 3616 cum
