2680 3938
215 170 232 226 2
591 159 838 216 HILDEGARDIS

212 364 271 405 non
293 345 407 407 habuit.
451 343 527 404 Nam
552 363 607 403 nec
633 363 724 421 supra
754 363 783 404 se
811 343 1013 404 summitatem
1040 363 1092 404 nec
1119 343 1226 406 subtus

213 455 243 495 se
267 435 482 494 extremitatem
508 434 626 510 habuit,
658 453 733 510 quae
761 434 848 493 illum
875 434 1021 492 sustinere
1047 437 1158 510 posset,
1190 455 1226 494 nc

213 524 338 586 caderet.
384 523 459 584 Onm
486 523 564 582 enim
587 523 638 582 ille
660 523 698 582 ad
720 522 848 582 nihilum
871 541 902 582 se
925 523 1069 599 extendit,
1096 523 1227 601 inceptio

213 613 386 674 extensionis
410 613 473 672 eius
496 614 609 671 malum
631 612 781 688 produxit,
805 616 835 672 et
858 631 925 671 mox
948 612 1060 671 malum
1082 612 1140 672 hoc
1161 613 1224 674 abs·

184 719 269 779 sque
292 702 427 761 claritate
450 705 480 761 et
503 702 614 778 absque
636 702 703 760 luce
725 703 757 760 in
780 702 961 775 semetipso
984 720 1038 777 per
1059 703 1155 760 zelum
1178 703 1227 762 dei

212 792 328 862 exarsit,
351 794 387 850 ut
408 795 475 852 rota
497 809 527 850 se
551 790 760 850 circumferens
785 793 814 850 et
838 791 1080 862 circumvolvens,
1106 793 1135 850 et
1150 793 1226 869 igni·

211 883 256 940 tas
278 879 414 941 tenebras
436 881 468 938 in
490 898 519 939 se
543 880 682 939 ostendit.
727 880 767 939 nt
790 880 831 939 sic
857 881 971 938 malum
994 901 1012 937 a
1033 877 1114 942 bono
1138 880 1225 941 decli·

211 971 302 1044 navit,
324 989 377 1030 nec
399 970 512 1028 bonnm
533 969 636 1046 tetigit
658 969 771 1027 malum
793 988 847 1028 nec
863 970 974 1028 malum
989 968 1110 1030 bonum.
1144 969 1226 1030 Deus

214 1062 313 1120 autem
336 1060 451 1136 integer
474 1061 510 1117 ut
532 1061 598 1117 rota
620 1059 782 1134 permansit
797 1061 827 1117 et
842 1062 927 1135 pater
942 1059 973 1116 in
988 1057 1130 1130 bonitate,
1154 1060 1226 1134 qnia

172 1165 199 1210 10
212 1149 373 1226 paternitas
399 1148 494 1222 ipsius
520 1148 655 1207 bonitate
685 1147 779 1222 ipsius
806 1149 894 1223 plena
918 1150 973 1220 est,
1007 1150 1038 1206 et
1059 1148 1104 1207 ita
1125 1148 1226 1208 iustis·

212 1239 286 1298 aima
316 1241 345 1296 et
373 1237 582 1314 benignissima
610 1239 640 1296 et
669 1236 836 1296 firmissima
869 1240 958 1313 atque
990 1236 1150 1296 fortissima
1182 1241 1228 1297 est

99 1387 102 1392 ,
211 1328 388 1404 paternitas,
418 1329 448 1385 et
476 1326 511 1384 de
538 1326 594 1385 hac
616 1345 754 1386 mensura
776 1323 854 1387 sicut
874 1329 943 1410 rota
965 1323 1097 1403 ponitur.
1141 1325 1228 1386 Nunc

212 1417 322 1477 alicubi
337 1418 403 1475 rota
426 1419 471 1475 est
494 1419 524 1475 et
546 1416 611 1492 ipsa
626 1416 751 1476 alicuius
766 1417 811 1476 rei
825 1417 912 1493 plena
929 1419 980 1476 est.
1019 1415 1106 1487 Quod
1121 1417 1146 1476 si
1160 1419 1228 1476 rota
1320 1445 1321 1448 ¹

212 1507 263 1564 illa
285 1506 360 1565 nihil
383 1505 464 1564 aliud
484 1509 603 1580 praeter
625 1505 798 1565 exteriorem
820 1505 965 1566 circulum
980 1505 1109 1580 haberet,
1131 1523 1226 1564 vacua

174 1611 199 1656 15
213 1596 308 1657 forata
344 1595 384 1653 Et
406 1595 432 1654 si
446 1594 525 1654 forte
541 1595 654 1676 alienus
670 1596 874 1671 superveniret
890 1597 920 1654 et
934 1595 977 1652 ibi
993 1594 1109 1669 operari
1123 1593 1223 1665 vellet,

212 1683 268 1743 hoc
290 1702 351 1743 esse
373 1703 432 1743 non
455 1688 568 1760 posset3
591 1704 660 1743 nam
683 1685 715 1742 in
738 1687 805 1743 rota
827 1703 888 1743 una
910 1683 970 1742 duo
994 1682 1071 1741 fabri
1094 1700 1140 1741 res
1155 1700 1224 1742 suas

212 1774 391 1834 constituere
413 1792 473 1833 non
495 1776 629 1847 possunt.
659 1773 795 1847 Ohomo,
820 1773 918 1849 aspice
933 1771 1094 1831 hominem!
1124 1771 1224 1831 Homo

152 1873 154 1880 '
213 1863 291 1923 enim
314 1864 428 1922 caelum
459 1866 490 1923 et
520 1864 632 1922 terram
663 1865 752 1938 atque
776 1864 847 1922 alias
870 1862 1000 1920 facturas
1025 1861 1055 1920 in
1082 1879 1112 1920 se
1134 1861 1229 1922 habet

213 1956 243 2012 et
266 1955 362 2012 forma
384 1972 444 2011 una
466 1955 519 2028 est,
543 1955 574 2011 et
595 1952 712 2027 inipso
737 1953 835 2011 omnia
858 1951 959 2010 latent.

173 2055 200 2100 ao
280 2043 325 2102 De
341 2044 534 2120 paternitate.
580 2040 628 2100 Sic
654 2041 820 2117 paternitas
851 2043 896 2099 est
923 2038 1070 2114 quomodo
1099 2038 1228 2099 circulus

212 2134 307 2206 rotae,
336 2132 499 2207 paternitas
522 2133 567 2189 est
587 2129 742 2206 plenitudo
770 2129 861 2188 rotae.
906 2125 1009 2188 Deitas
1037 2130 1080 2187 est
1102 2127 1133 2184 in
1155 2127 1228 2204 ipsa,

213 2224 242 2280 et
265 2240 299 2279 ex
321 2220 386 2296 ipsa
412 2223 483 2280 aunt
510 2219 622 2290 omnia,
655 2223 685 2278 et
710 2221 828 2295 praeter
854 2238 919 2277 eam
946 2219 1062 2276 creator
1088 2235 1148 2276 non
1175 2221 1230 2280 est.

212 2309 332 2368 Lucifer
355 2313 453 2369 autem
477 2309 593 2385 integer
615 2327 674 2368 non
697 2310 754 2379 est,
783 2307 834 2366 sed
856 2307 888 2366 in
910 2307 1091 2382 dispersione
1115 2306 1227 2366 divisus

213 2401 271 2475 est,
303 2416 371 2458 cum
395 2417 456 2458 esse
477 2398 590 2473 voluit,
621 2397 702 2472 quod
725 2415 786 2456 esse
810 2414 870 2455 non
894 2395 1005 2454 debuit.
1052 2394 1127 2454 (lum
1150 2395 1228 2453 enim

172 2499 199 2544 25
216 2488 287 2548 dens
310 2489 455 2548 mundum
471 2488 549 2563 fecit,
572 2487 603 2545 in
619 2487 742 2562 antiquo
759 2486 881 2546 consilio
904 2484 1017 2560 habuit,
1043 2484 1123 2561 quod
1138 2483 1228 2543 homo

215 2577 281 2636 fieri
302 2579 408 2638 voluit.

283 2668 331 2726 De
352 2670 475 2726 animae
498 2667 653 2728 erectione.
698 2666 738 2724 Et
760 2683 828 2724 cum
850 2665 949 2724 lucem
972 2662 1051 2733 fecit,
1082 2682 1157 2738 quae
1179 2681 1230 2723 vo·

215 2757 307 2816 latilis
332 2760 395 2815 erat
417 2760 538 2832 atquae
557 2754 669 2830 ubique
683 2755 787 2814 volare
808 2755 918 2830 potuit,
942 2754 973 2811 in
988 2752 1091 2811 eodem
1107 2751 1228 2811 consilio
1247 2769 1248 2774 ¹

216 2865 269 2905 suo
291 2845 406 2917 habuit,
430 2844 512 2922 quod
527 2844 656 2921 spiritali
677 2845 766 2920 vitae,
789 2863 864 2920 quae
880 2843 1061 2920 spiraculum
1075 2842 1155 2901 vitae
1177 2843 1229 2916 est,

173 2947 200 2991 ac
219 2936 326 2994 molem
351 2934 545 3010 corporalem,
577 2934 610 2992 id
633 2936 678 2993 est
699 2934 807 2992 elatam
830 2934 957 2992 formam
980 2931 1111 2990 delimo
1134 2934 1231 2990 terrae

217 3025 314 3096 daret,
347 3043 422 3098 quae
445 3043 499 3083 nec
521 3023 637 3083 volaret
659 3042 712 3083 nec
734 3023 819 3081 flaret
842 3025 872 3081 et
900 3039 976 3096 quae
1000 3038 1075 3097 prae
1097 3019 1228 3095 impossi-

213 3113 329 3172 bilitate
358 3132 411 3172 sua
439 3132 469 3173 se
492 3114 590 3174 levare
617 3130 678 3172 non
705 3115 816 3188 posset,
849 3114 881 3171 et
906 3113 943 3169 ut
969 3109 1035 3169 ideo
1068 3110 1109 3168 sio
1136 3109 1229 3184 ligato

214 3205 296 3280 esset,
321 3203 462 3280 quatinus
482 3202 625 3262 addeum
642 3203 758 3277 acutius
779 3201 930 3276 aspiceret.
967 3198 1053 3258 Unde
1068 3199 1229 3274 ligaturam

212 3293 300 3351 istam
320 3293 464 3369 ¹antiquus
486 3311 604 3368 serpens
634 3291 702 3351 odio
724 3291 842 3362 habuit,
871 3289 953 3365 quie,
982 3287 1118 3365 quamvis
1140 3285 1228 3344 homo

172 3392 199 3438 sc
214 3401 336 3457 corpore
360 3382 458 3459 gravis
481 3384 570 3453 esset,
602 3399 633 3440 se
660 3385 759 3440 tamen
787 3379 824 3439 ad
852 3379 940 3438 deum
962 3379 994 3436 in
1025 3375 1226 3435 rationalitate

214 3472 348 3549 erigeret.

279 3561 324 3621 De
346 3561 496 3621 clementia
518 3563 545 3620 et
563 3561 759 3632 firmamento.
797 3559 837 3616 Et
860 3559 1004 3617 elementa
1027 3553 1131 3612 mundi
1155 3553 1227 3612 deus
