2668 3924
193 218 255 277 192
580 207 826 264 HILDEGARDIS

193 396 358 472 requiescat
390 397 420 453 et
453 393 557 452 deinde
585 411 708 468 surgens
735 391 790 450 hac
819 393 848 449 et
875 390 944 449 illac
971 390 1086 448 modice
1110 391 1211 448 deam-

193 485 285 558 bulet,
308 485 352 542 ita
372 486 479 558 tamen,
504 502 540 542 ne
563 482 658 558 frigus
680 480 822 556 patiatur.

260 575 305 632 De
327 575 434 634 diceto.
479 572 553 630 Post
574 572 753 630 solutionem
784 573 883 627 autem
914 568 1065 627 triticeum
1096 587 1214 644 panem,

193 683 253 722 nou
275 663 393 737 siccum,
417 662 467 721 sed
489 661 517 720 in
536 660 726 720 sobriuncula
741 659 899 717 intinctum
916 657 1049 716 comedat
1065 662 1096 716 et
1112 660 1213 735 pullos

169 753 373 829 sgallinarum
406 755 435 810 et
465 751 599 826 porcinas
631 766 731 807 carnes
758 751 848 823 atque
882 748 953 806 alias
981 765 1084 807 suaves
1109 766 1212 806 carnes

196 842 274 914 edat,
309 859 446 918 grossum
469 842 568 898 autem
592 857 697 914 panem
726 840 756 895 et
783 837 905 896 bovinas
934 855 1033 895 carnes
1062 840 1092 896 et
1115 837 1213 912 pisces

197 934 226 990 et
249 931 321 989 alios
344 948 462 1008 grossos
486 929 567 988 cibos
591 931 620 985 et
643 945 722 985 assos
745 926 873 1002 exceptis
896 926 968 984 assis
990 926 1064 1001 piris
1088 926 1214 1002 devitet,

196 1023 226 1078 et
255 1040 273 1079 a
303 1037 387 1079 caseo
419 1021 449 1077 et
480 1038 497 1075 a
527 1017 626 1076 crudis
660 1016 789 1074 oleribus
818 1019 909 1091 atque
937 1014 1036 1074 crudis
1059 1015 1157 1090 pomis
1180 1035 1213 1074 se

196 1109 348 1185 abstineat,
371 1108 475 1167 vinum
491 1109 598 1180 autern,
622 1105 672 1163 sed
694 1107 793 1162 tamen
809 1104 931 1176 modice,
952 1103 1036 1162 bibat
1057 1111 1087 1165 et
1102 1123 1214 1180 aquam

156 1208 184 1253 ιο
198 1199 338 1260 dimittat.
384 1195 557 1255 (ilaritatem
585 1213 705 1271 quoque
735 1194 804 1253 solis
833 1197 862 1252 et
888 1193 966 1270 ignis
989 1193 1089 1270 fugiat
1117 1195 1214 1254 etsie

198 1307 251 1363 per
273 1291 333 1346 tres
357 1287 418 1345 dies
440 1283 511 1343 haec
534 1285 678 1344 observet.

262 1377 364 1454 [Nihil
385 1373 499 1445 iuveni,
523 1374 601 1431 nihil
615 1371 748 1448 scripsiJ
786 1371 896 1446 Accipe
915 1371 998 1430 iecur
1012 1372 1100 1446 piscis
1120 1372 1213 1447 illius,

198 1465 250 1540 qni
272 1465 363 1523 wclrc
386 1463 504 1538 dicitur,
529 1465 559 1521 et
580 1463 662 1538 ligno
684 1463 719 1520 de
741 1461 809 1519 tilia
824 1478 990 1536 superpone
1005 1463 1035 1519 et
1049 1463 1122 1520 tunc
1144 1462 1215 1538 igne

198 1556 276 1612 facto
299 1553 415 1630 lignum
438 1551 520 1610 istud
542 1570 611 1610 cum
634 1553 737 1610 eodem
756 1550 850 1610 iecore
867 1569 955 1625 super
970 1551 1055 1609 vivos
1070 1550 1214 1610 carbones

158 1655 184 1698 15
196 1662 280 1718 pone,
307 1646 343 1700 ut
370 1643 452 1701 iecur
475 1641 550 1700 illud
574 1641 748 1714 exsiccetur,
782 1641 824 1698 sic
851 1642 963 1713 tamen,
995 1657 1031 1698 ne
1058 1640 1161 1699 fumus
1184 1643 1216 1698 et

196 1733 315 1790 flemma
337 1731 469 1790 eiusdem
484 1730 562 1808 ignis
585 1731 668 1789 iecur
682 1728 765 1788 istud
787 1731 898 1804 tangat,
922 1732 952 1787 et
973 1732 1035 1787 tam
1058 1728 1112 1787 diu
1135 1729 1216 1789 idom
1330 1749 1331 1772 i

197 1822 279 1880 ieeur
311 1820 450 1880 exsiccari
483 1819 635 1896 permitte,
676 1819 748 1877 dum
782 1817 961 1876 exsiccatum
994 1819 1024 1876 in
1059 1818 1215 1894 pidverem
1330 1881 1331 1913 ἡ

197 1911 331 1987 redigere
361 1910 462 1986 possis.
508 1908 594 1979 Quod
626 1908 651 1966 si
681 1909 798 1984 lignum
827 1907 903 1965 illud
931 1907 1051 1966 interim
1079 1909 1115 1966 ab
1144 1909 1215 1985 igne

199 1999 330 2059 consumi
352 1999 474 2073 videris,
506 2003 665 2074 antequam
688 1997 770 2056 iecur
792 1996 966 2073 exsiccetur,
998 2000 1070 2056 tuno
1101 1998 1215 2057 iterum

157 2097 185 2142 ao
198 2089 255 2147 alio
288 2089 419 2147 eiusdem
451 2088 565 2164 generis
593 2086 670 2144 illud
692 2104 866 2161 superpone.
912 2086 950 2144 nt
973 2090 1135 2163 postquam
1164 2108 1215 2146 ex-

199 2179 339 2237 siccatum
363 2177 465 2249 fuerit,
487 2177 519 2234 in
541 2176 694 2251 pulverem
717 2175 829 2251 redige.
873 2174 986 2234 Deinde
1009 2177 1082 2235 tolle
1104 2195 1215 2237 nucem

197 2269 360 2325 muscatam
393 2270 423 2324 et
453 2266 654 2343 fenigraecum
685 2268 715 2323 et
745 2265 817 2322 haec
848 2283 938 2339 super·
966 2267 1112 2339 prieatciu
1145 2268 1215 2344 igne

197 2356 310 2415 modice
333 2355 509 2414 calefactum
532 2355 608 2413 sicca
631 2357 661 2412 ct
682 2354 713 2412 in
740 2353 895 2428 pulverem
922 2354 1034 2432 redige.
1080 2355 1120 2414 nt
1142 2359 1216 2416 tunc

197 2445 354 2520 pulverem
374 2444 468 2503 istum
491 2444 638 2514 otiliam,
667 2461 756 2519 quem
779 2442 814 2500 de
837 2443 933 2502 iecore
955 2444 1101 2519 praedicti
1124 2446 1214 2520 piscis

159 2541 187 2586 25
200 2534 305 2606 fecisti,
327 2535 358 2592 in
381 2534 553 2610 panniolum
576 2532 667 2591 simul
689 2532 751 2608 liga
773 2531 889 2590 modico
912 2551 1014 2592 musco
1038 2533 1148 2604 addito,
1172 2535 1215 2593 ita

198 2625 278 2700 quod
301 2622 470 2699 praedictus
493 2622 593 2698 pulvis
617 2622 652 2680 de
674 2621 770 2680 iecore
790 2621 876 2681 watra
898 2622 996 2681 factus
1019 2623 1117 2682 tribus
1145 2643 1213 2700 par·

197 2712 278 2772 tibus
306 2713 459 2789 pulverem
486 2711 570 2771 nucis
597 2719 746 2769 muscatae
781 2710 912 2782 excedat,
944 2713 973 2769 et
1003 2713 1085 2787 quod
1114 2714 1215 2788 pulvis

198 2801 357 2878 fenigraeci
380 2803 481 2859 tantus
504 2801 552 2875 sit,
581 2805 616 2858 ut
638 2800 738 2874 pulvis
761 2800 888 2874 praefati
911 2800 1029 2876 iecoris,
1063 2806 1094 2861 et
1115 2805 1215 2862 tecum
1329 2819 1330 2878 3

200 2909 315 2966 semper
336 2894 431 2965 porta,
455 2891 484 2948 et
507 2889 606 2965 pulvis
629 2889 685 2948 iste
707 2889 863 2948 sanitatem
886 2890 1018 2965 corporis
1033 2891 1081 2948 tui
1097 2893 1213 2952 retinet.
1329 2885 1330 2900 ³

160 2989 188 3035 30
267 2981 314 3038 Dc
330 2980 556 3040 incontinentia.
590 2969 929 3056 1)Sihomoaiiqi1ando
950 2981 993 3038 ita
1014 2979 1046 3038 in
1062 2980 1213 3040 delectati·

198 3088 252 3128 one
268 3071 480 3143 commovetur,
504 3067 584 3143 quod
601 3086 706 3142 spuma
722 3067 759 3126 ad
774 3069 935 3126 articulum
951 3067 1134 3129 demissionis
1149 3089 1214 3146 per-

197 3157 322 3232 venerit,
354 3157 405 3216 sed
436 3163 535 3216 tamen
567 3156 648 3215 intra
678 3157 709 3214 in
741 3175 863 3233 corpore
891 3157 992 3233 aliquo
1025 3159 1113 3218 modo
1147 3179 1213 3219 con·

197 3248 310 3306 tinente
325 3249 441 3305 retenta
453 3247 554 3317 fuerit,
571 3246 684 3304 atinde
699 3246 750 3304 ille
767 3246 911 3304 infirmari
926 3246 1079 3321 inceperit,
1096 3250 1214 3307 rutham

199 3343 229 3395 et
253 3334 404 3394 modicum
427 3336 526 3394 minus
550 3335 586 3393 de
609 3334 756 3394 absinthio
781 3335 907 3410 accipiat
930 3339 959 3393 et
975 3355 1096 3395 succum
1113 3357 1215 3397 earum

160 3426 344 3501 etexprimat
371 3429 401 3483 et
422 3425 492 3484 huic
515 3442 600 3484 succo
624 3443 779 3483 succorum
804 3428 834 3483 et
856 3425 924 3500 pius
948 3425 1101 3502 damella,
1125 3447 1216 3503 qnam

274 3617 295 3688 ¹)
315 3635 342 3672 v.
361 3615 565 3686 30—p.193‚e
585 3640 620 3660 =
638 3614 734 3685 Migne
754 3615 823 3669 1155
842 3613 970 3668 0-1156
989 3615 1021 3668 A.
