2662 3932
199 114 262 174 118
584 105 829 163 HILDEGARDIS

198 293 270 370 quia
292 291 371 351 calor
394 290 470 349 aeris
492 294 565 349 tunc
586 291 696 350 nimius
720 293 772 354 est.
816 292 892 352 Nam
918 293 944 351 si
966 295 1039 351 tunc
1061 292 1224 352 modicum

197 381 333 456 comedit,
357 379 539 439 debilitatem
561 379 589 438 ei
610 399 669 440 non
690 380 790 453 infert,
814 382 865 442 sed
880 383 1037 442 sanitatem
1052 382 1079 441 ei
1094 381 1223 444 retinet.

196 471 233 530 In
253 470 350 529 hieme
373 471 480 543 autem,
510 486 580 527 cum
610 469 698 529 homo
729 468 816 530 valde
843 471 973 550 frigidus
1004 471 1131 532 interius
1160 475 1219 544 est,

197 561 223 620 si
245 560 375 618 multum
398 557 533 633 comedit,
557 559 713 624 sanitatem
736 559 763 617 ei
785 558 876 621 infert
904 565 934 621 et
960 560 1103 638 pinguem
1130 559 1219 620 facit.

169 648 256 710 sded
277 651 377 707 tamen
401 647 635 722 omnitempore
667 647 756 707 home
788 655 897 725 caveat,
932 669 969 708 ne
1001 649 1149 710 ferventes
1186 655 1220 708 et

197 737 376 816 fumigantes
398 737 435 795 ab
457 735 583 796 humore
605 736 684 796 cibos
707 739 849 815 comedat,
881 739 932 798 sed
954 741 1113 814 postquam
1136 740 1219 798 cocti

197 827 317 898 fuerint,
351 826 503 895 sustineat,
537 843 633 901 usque
666 826 739 886 dum
772 829 872 888 fervor
902 831 932 887 et
954 827 1056 887 fumus
1078 828 1219 888 humoris

197 935 301 976 eorum
324 915 469 990 abscedat,
486 914 566 990 qued
589 915 615 973 si
639 933 689 974 eos
711 915 859 978 ferventes
875 926 906 976 et
919 917 1100 994 fumigantes
1116 935 1217 976 come·

198 1005 282 1080 derit,
314 1007 448 1064 ventrem
481 1004 545 1062 eius
579 1003 709 1063 inflando
740 1006 905 1067 sustollunt
933 1009 964 1065 et
985 1005 1101 1081 lepram
1122 1007 1155 1065 in
1180 1025 1218 1065 ec

158 1109 185 1155 ιο
198 1095 283 1154 facile
317 1093 453 1155 excitant.
505 1091 563 1151 Sed
595 1097 626 1152 et
658 1093 731 1152 dum
762 1096 852 1155 homo
886 1114 1023 1173 maguam
1056 1094 1220 1154 tristitiam

198 1183 321 1260 patitur,
344 1181 525 1242 sufficienter
547 1182 583 1241 de
607 1183 848 1244 convenientibus
880 1184 937 1243 sibi
965 1183 1038 1244 cibis
1069 1184 1218 1256 comedat,

198 1276 234 1331 ut
255 1290 308 1348 per
336 1271 415 1330 cibos
444 1270 636 1342 refocilletur,
670 1274 811 1348 quoniam
842 1273 968 1334 tristitie
998 1292 1068 1332 eum
1098 1278 1220 1352 gravat.

198 1361 279 1420 Dum
302 1363 402 1420 autem
424 1379 562 1437 maguam
585 1361 731 1420 laetitiam
760 1362 857 1436 habet,
887 1362 1037 1422 modicum
1069 1362 1219 1431 comedat,

200 1450 340 1526 quoniam
362 1449 482 1526 sanguis
505 1449 568 1508 eius
591 1449 623 1509 in
646 1451 796 1527 apertione
825 1451 993 1529 vagationis
1020 1455 1093 1510 tunc
1121 1451 1218 1512 disso-

157 1556 186 1601 15
198 1539 282 1598 lutus
305 1527 358 1611 e'st,
379 1557 417 1597 ne
439 1537 465 1597 si
487 1541 559 1598 tunc
582 1540 713 1598 multum
735 1541 903 1616 comederit,
930 1540 1077 1615 humores,
1107 1541 1162 1616 qui
1185 1541 1220 1598 in

197 1628 343 1706 sanguiue
371 1627 435 1686 eius
465 1630 543 1697 sunt,
573 1627 604 1685 iu
635 1630 778 1706 procellas
807 1629 937 1689 febrium
966 1633 1130 1690 vertantur.
1176 1630 1219 1688 Et

197 1718 288 1776 hemo
311 1718 342 1776 in
364 1716 460 1776 hieme
482 1735 541 1775 non
563 1717 696 1776 multum
719 1718 810 1791 bibat,
834 1718 906 1796 quia
928 1737 979 1777 aer
993 1719 1134 1778 humores
1151 1719 1219 1778 eius

196 1811 272 1867 tunc
293 1806 454 1878 humectat,
478 1805 619 1881 quoniam
643 1809 669 1866 si
692 1811 764 1867 tunc
780 1809 911 1868 multum
927 1806 1043 1883 biberit,
1066 1807 1218 1883 humbrae,

198 1897 253 1973 qui
276 1896 309 1954 in
331 1914 361 1955 se
383 1898 462 1967 sunt,
493 1897 633 1955 evertunt
664 1899 695 1956 et
723 1895 842 1957 sibimet
872 1896 1059 1956 infirmitates
1087 1897 1217 1957 inducit.

158 1985 239 2045 acEt
261 1985 366 2043 vinum
388 1987 443 2042 aut
470 1983 640 2044 cerevisiam
670 1986 702 2044 in
729 1985 826 2045 hieme
853 1985 936 2045 bibat
969 1989 1000 2045 et
1034 2004 1156 2062 aquam,
1190 1987 1219 2044 si

155 2123 157 2127 ,
200 2074 341 2151 potuerit,
365 2073 487 2144 devitet,
520 2073 591 2148 quia
614 2093 648 2133 eo
672 2078 807 2151 tempore
831 2093 925 2152 aquae
948 2093 1035 2134 sanae
1057 2093 1116 2135 nen
1144 2081 1217 2133 suut

200 2167 322 2238 propter
343 2161 552 2221 humiditatem
579 2165 685 2227 terrae.
728 2163 765 2222 In
793 2167 903 2226 aestate
930 2183 1001 2224 vere
1028 2164 1097 2239 plus
1125 2181 1217 2239 quam

200 2253 232 2310 in
253 2251 349 2310 hieme
371 2250 456 2310 bibat
474 2253 505 2309 et
520 2251 681 2312 secundum
696 2254 820 2313 modum
835 2256 867 2312 et
881 2253 1057 2329 qualitatem
1071 2253 1215 2326 ciborum,

201 2359 275 2417 quos
297 2343 370 2399 tunc
393 2339 492 2414 sumit,
518 2341 659 2416 quoniam
678 2341 817 2403 humores
831 2343 863 2401 in
879 2361 914 2401 ea
927 2345 1001 2400 tunc
1016 2342 1215 2413 exsiccantur,

160 2443 187 2488 25
203 2434 233 2489 et
255 2448 334 2506 aqua
355 2431 428 2488 tunc
451 2427 546 2487 bibita
567 2430 666 2490 minus
689 2451 757 2489 eum
783 2430 876 2490 laedit
903 2432 1027 2507 propter
1053 2431 1215 2490 siccitatem

201 2523 297 2579 terrae
321 2538 410 2595 quam
433 2518 465 2576 in
487 2517 591 2582 hieme.
628 2520 668 2578 Et
690 2520 721 2578 in
743 2523 863 2595 aestate,
885 2538 955 2579 cum
977 2518 1066 2579 homo
1089 2521 1214 2580 interius

202 2608 290 2668 valde
312 2607 425 2667 calidus
445 2610 497 2679 est,
520 2611 551 2666 et
572 2607 598 2666 si
620 2608 710 2668 etiam
733 2612 805 2668 tunc
835 2627 924 2669 sanus
953 2608 985 2667 in
1008 2626 1132 2684 corpore
1163 2614 1215 2680 est,

203 2717 312 2774 aquam
332 2696 463 2773 tepidam
485 2697 635 2758 moderate
658 2697 741 2758 bibat
764 2701 794 2757 et
816 2716 885 2757 mox
899 2697 955 2756 hac
970 2701 1001 2757 et
1013 2697 1084 2758 illac
1098 2717 1214 2774 parum-

203 2805 256 2862 per
278 2785 457 2854 deambulet,
481 2790 517 2845 ut
539 2786 570 2843 in
593 2805 627 2846 eo
649 2787 815 2848 incalescat.
861 2786 901 2847 Et
921 2786 978 2846 hcc
1000 2785 1038 2845 ad
1060 2788 1214 2846 sanitatem

162 2885 191 2932 31
205 2875 336 2950 corporis
360 2875 387 2933 ei
409 2875 517 2933 utilius
539 2878 584 2934 est
611 2896 702 2953 quam
733 2877 759 2935 si
780 2876 885 2936 vinum
916 2875 1008 2939 bibat.
1053 2874 1085 2934 Si
1117 2879 1214 2935 autem

62 2945 91 3010 ².
203 2965 235 3022 in
258 2983 379 3040 corpere
401 2963 537 3022 infirmus
560 2968 613 3034 est,
641 2968 671 3024 et
694 2965 719 3024 si
742 2966 773 3023 iu
796 2967 906 3024 aestate
928 2970 980 3040 est,
1008 2965 1114 3026 viuum
1140 2985 1213 3042 aqua

203 3053 329 3112 mixtum
354 3055 408 3110 aut
430 3052 601 3112 cerevisiam
624 3053 719 3125 bibat,
748 3054 820 3130 quia
846 3054 902 3113 hoc
929 3073 998 3113 eum
1021 3055 1117 3131 magis
1139 3054 1210 3114 reic-

204 3142 294 3218 cillat,
325 3161 416 3218 quam
439 3141 464 3200 si
488 3161 596 3218 aquam
614 3143 711 3203 bibat.
757 3141 814 3202 Sed
843 3147 941 3202 tamen
972 3143 1053 3201 omni
1082 3147 1212 3220 tempore

205 3236 267 3290 tam
301 3232 421 3291 aestatis
452 3251 542 3307 quam
573 3231 678 3292 hiemis
709 3231 797 3291 homo
829 3233 936 3307 caveat,
968 3252 1004 3292 ne
1031 3249 1123 3306 supra
1157 3250 1213 3292 me-

163 3331 191 3376 35
206 3322 279 3381 dum
312 3320 407 3397 bibat,
446 3321 586 3396 quoniam
621 3322 713 3380 nimia
746 3316 865 3397 pluvia
888 3325 999 3380 terram
1032 3321 1212 3380 infundendo

204 3410 309 3482 laedit3
344 3409 386 3468 sic
418 3409 506 3470 etiam
536 3410 596 3482 ille,
631 3410 684 3488 qui
718 3429 809 3486 supra
839 3409 959 3469 modum
992 3409 1075 3485 bibit,
1111 3429 1214 3486 corpus

204 3517 293 3558 suum
325 3499 362 3558 ad
393 3499 587 3559 inutilitatem
618 3499 802 3559 diversorum
828 3498 989 3558 humorum
1017 3499 1107 3559 ducit.
1158 3497 1214 3558 Nec
