2668 3924
371 192 511 248 CAUSAE
530 191 577 247 ΕΤ
596 192 718 248 CURAE
736 194 804 250 LIB.
823 194 871 248 111.
1071 199 1133 260 165

116 377 256 452 pustulae
279 377 311 434 in
334 395 368 436 eo
388 376 475 435 faeile
489 377 648 452 ebulliunt,
671 378 703 435 in
719 378 829 453 quibus
845 378 952 438 vermis
968 378 1054 439 facile
1068 397 1134 439 aas·

119 466 198 526 citur
222 469 253 524 et
275 465 426 526 hominem
447 465 547 526 laedit.

119 595 122 600 ι
185 555 234 614 De
256 555 363 617 111111.
408 552 494 613 Nune
517 557 616 614 autem
638 555 717 614 sieut
740 573 830 631 osseo,
866 557 919 632 qui
950 558 982 616 in
1015 559 1135 618 vasculo

116 663 171 704 suo
187 644 343 720 premitur,
365 642 535 720 coagulatio
551 645 638 704 laetis
653 663 769 721 semper
783 645 1002 722 superadditur,
1026 665 1135 722 quous·

118 743 177 810 que
200 733 380 809 perficiatur,
404 733 446 793 sia
469 733 559 792 etiam
582 733 691 793 infanti
719 736 749 792 et
771 753 864 810 puero
888 734 971 795 sibus
994 738 1024 794 et
1045 739 1164 812 potus5

118 822 237 882 assidue
259 821 530 882 subministrandas
553 825 605 898 est,
628 841 725 900 usque
749 823 822 882 dum
845 824 883 882 ad
904 825 1065 900 perfectam
1088 844 1135 884 ae·

116 915 212 970 tatem
234 911 430 987 perduratum
462 906 597 987 alioquin
619 912 716 970 infans
748 916 779 972 et
810 931 886 988 puer
917 931 1045 973 creseere
1077 933 1136 972 non

116 1004 247 1077 possent,
271 999 323 1060 sed
344 1000 483 1076 perirent.
529 999 587 1060 Sed
619 1005 649 1061 et
680 1002 741 1060 seni
770 1020 803 1061 11
826 1002 975 1079 deorepito
998 1003 1081 1063 oibus
1106 1007 1136 1062 et

116 1093 209 1166 potus
233 1088 415 1150 adhibendus
438 1092 490 1164 est,
524 1090 606 1166 quod
638 1108 706 1150 eum
740 1084 861 1168 sanguis
884 1095 915 1152 et
937 1110 1005 1151 earo
1028 1093 1060 1150 in
1082 1093 1135 1151 iilo

116 1179 276 1251 minuitur,
297 1178 344 1237 his
366 1178 485 1238 eibariis
508 1179 704 1240 sublevandus
724 1183 776 1241 est.
811 1181 908 1241 Homo
931 1182 1010 1240 enim
1033 1185 1077 1240 est
1100 1184 1137 1240 ut
1151 1194 1178 1236 lo

117 1273 216 1328 terra„
257 1267 288 1326 Si
311 1271 390 1327 terra
412 1267 533 1326 nimiam
557 1267 768 1328 humiditatem
790 1269 938 1346 habuerit,
962 1271 1136 1331 1111111111-

1 1383 2 1402 1
116 1375 204 1417 onem
228 1357 367 1429 iucurrit3
391 1357 417 1416 si
439 1360 539 1416 autem
562 1357 679 1417 modica
700 1359 749 1418 vel
764 1360 848 1418 nulla
862 1359 1042 1420 humiditate
1058 1363 1137 1420 taeta

115 1446 220 1521 fuerit,
244 1445 273 1505 11
294 1445 332 1504 ad
353 1447 581 1522 prosperitatem
603 1466 661 1506 non
684 1447 805 1512 valebit.
836 1448 923 1519 Quod
939 1451 965 1508 si
981 1450 1138 1509 diseretem

116 1535 330 1594 humiditatem
351 1535 496 1610 habuerit,
519 1535 632 1594 bonum
655 1536 682 1594 ei
705 1539 758 1598 est.
804 1537 852 1596 Sia
880 1541 925 1596 est
951 1540 983 1598 11
1010 1541 1136 1599 homine.

118 1625 152 1684 Si
174 1625 264 1684 homo
287 1624 413 1684 multem
435 1628 465 1684 et
486 1625 610 1688 nimiam
637 1644 671 1684 aa
698 1627 839 1686 fluentem
868 1627 1078 1687 humiditatem
1106 1628 1180 1686 11115

117 1734 150 1774 se
172 1715 297 1790 patitur,
321 1714 433 1773 scilieet
452 1715 483 1772 in
499 1714 600 1789 oeulis,
623 1714 655 1772 in
669 1715 799 1787 auribus
822 1717 854 1774 11
869 1716 998 1791 naribus,
1023 1717 1054 1775 in
1079 1736 1137 1792 ore,

116 1803 188 1862 inde
220 1803 315 1879 magis
345 1803 474 1862 laeditur
507 1822 596 1879 quam
628 1807 757 1866 sanetur.
803 1804 834 1862 si
867 1807 966 1863 autem
991 1805 1138 1865 modioam

115 1894 167 1952 rel
189 1891 305 1950 nullam
327 1893 496 1951 effluentem
518 1892 727 1951 humiditatem
749 1895 780 1951 in
803 1892 849 1952 his
872 1894 1014 1952 1111111111
1029 1894 1138 1953 habue-

117 1982 169 2056 rit,
204 1981 406 2057 perieulosum
438 1985 482 2041 est
514 1983 553 2054 ei;
589 1981 613 2040 si
640 2000 711 2041 vero
740 1981 898 2041 discretam
927 1982 1139 2042 humiditatem

117 2070 268 2141 habuerit,
291 2071 329 2149 ad
351 2070 507 2130 sanitatem
529 2070 575 2128 illi
588 2075 653 2134 est.
1154 2081 1181 2127 1ο

605 2265 659 2329 ΠΙ.

217 2383 293 2469 1)De
310 2388 476 2464 parantis
497 2395 596 2450 111111
618 2391 846 2462 infirmitatibus
869 2393 1052 2465 subscriptae

118 2481 289 2543 medicinae
315 2498 334 2539 a
361 2480 414 2538 deo
440 2484 622 2540 monstratae
644 2483 697 2539 ant
720 2480 870 2540 borntnern
894 2481 1061 2540 liberabant
1088 2485 1141 2540 ant

224 2570 288 2642 ipse
309 2570 452 2628 morietur
474 2572 527 2628 ant
549 2570 622 2629 deas
645 2585 711 2628 ernn
738 2570 862 2628 tiberart
884 2587 948 2629 non
969 2569 1040 2633 antt.

188 2695 234 2754 De
256 2693 434 2767 eapttlornrn
456 2709 535 2752 anan.
571 2692 646 2752 Oum
669 2692 848 2752 adolneenti
874 2694 987 2752 homini
1003 2695 1062 2752 iam
1078 2694 1138 2770 pri·
1153 2705 1180 2749 25

118 2803 205 2842 mum
228 2783 321 2842 arines
344 2782 447 2842 eadere
470 2783 626 2857 incipiunt,
654 2782 821 2858 (accipiat)
851 2783 887 2842 de
904 2783 1007 2842 arvina
1021 2783 1085 2843 ursi
1109 2787 1140 2842 et

119 2873 272 2932 modicum
294 2872 464 2931 favillarum
487 2871 523 2930 de
546 2872 664 2932 tritieeo
686 2874 739 2930 aut
766 2873 802 2930 de
835 2873 971 2949 siligineo
998 2872 1140 2932 stramine

120 2964 277 3036 factarum,
307 2966 338 3020 et
366 2960 437 3020 haee
464 2961 554 3020 simul
587 2960 774 3021 sommisaeat
802 2963 833 3018 et
863 2961 967 3020 deinde
990 2980 1058 3021 oum
1081 2962 1139 3021 isto

119 3055 220 3112 totum
243 3053 333 3125 eaput
355 3069 444 3110 suum
465 3051 593 3126 inungat
614 3053 645 3109 et
666 3049 708 3108 ibi
730 3050 895 3128 praecipue,
923 3049 977 3109 ubi
999 3053 1092 3111 erines
1108 3052 1139 3109 in

121 3140 218 3218 eapite
240 3157 296 3198 suo
319 3139 439 3199 effluere
460 3139 617 3214 incipiunt.
662 3139 770 3198 Postea
792 3138 845 3198 diu
873 3139 1019 3199 abstineat
1041 3158 1079 3212 se,
1103 3159 1139 3198 ne
1155 3152 1181 3195 so

122 3232 213 3305 eaput
234 3247 322 3287 suum
345 3229 382 3287 ab
404 3229 462 3288 ista
483 3229 623 3288 unetione
645 3229 732 3289 lavet
777 3228 817 3286 Et
846 3229 945 3288 crines
978 3229 1051 3304 eius,
1087 3230 1140 3304 qui

121 3317 255 3379 nondum
277 3318 458 3393 aeciderunt,
481 3337 536 3393 per
558 3317 727 3377 nuationem
750 3318 837 3376 istam
860 3319 904 3377 ita
930 3317 1140 3378 humectantur

121 3412 151 3468 et
175 3407 389 3479 confortantur,
412 3407 493 3482 quod
515 3407 679 3483 perlonga
702 3410 837 3482 tempora
859 3425 918 3465 non
943 3406 1054 3466 eadent.
1101 3406 1141 3464 at

196 3531 340 3538 ——ae--a-

199 3597 221 3666 1)
239 3615 264 3649 v.
283 3597 390 3651 11-11
409 3623 441 3642 =
459 3615 487 3667 p.
504 3596 711 3662 iarn-isse.
