2662 3932
386 153 530 209 CAUSAE
549 153 596 210 ΕΤ
615 152 737 209 ΟΠΒΔΕ
756 153 824 209 LlB.
844 154 880 212 11.
1101 160 1141 220 73

116 357 179 398 sua
194 356 226 398 se
241 337 399 408 continent,
422 336 473 396 sed
495 337 527 395 in
549 337 591 397 eis
614 341 661 397 est
681 341 845 414 temperata
859 338 1027 415 prudentia,
1051 357 1141 414 qnam

116 427 252 487 feminea
274 444 321 486 ars
347 425 450 501 habet,
483 445 560 502 qnae
582 427 691 486 bonam
718 427 929 486 continentiam
956 446 991 487 ex
1013 426 1141 486 feminea

114 520 233 577 natura
248 515 405 591 contrahit,
422 518 453 574 et
468 515 559 574 etiam
573 515 795 592 intelligibilem
817 516 1004 577 intellectum
1022 516 1140 577 habent.

115 606 181 666 Sed
205 605 258 682 qni
280 606 316 664 de
338 604 386 664 bie
408 607 583 680 nascuntur,
612 605 794 664 continentes
815 607 848 664 'et
869 606 969 666 felices
991 624 1027 665 ac
1048 605 1139 665 utiles

115 698 153 755 et
175 694 262 772 probi
284 695 315 752 in
338 693 476 753 omnibns
500 693 640 770 operibus
663 697 734 754 sunt
756 697 786 754 et
801 694 864 754 sine
878 695 993 754 invidia
1007 699 1168 767 manente

117 784 206 861 quod
228 786 335 842 ventus
358 786 389 842 et
410 783 487 860 ignis
510 783 541 842 in
564 783 727 843 femoribus
750 786 910 859 parentum
932 802 1037 843 corum
1059 787 1138 843 recte

115 875 203 950 ipsos
233 872 422 948 temperavit3
453 871 594 948 quoniam
621 873 699 948 ignis
727 873 891 933 excedendo
923 875 1050 932 ventum
1078 891 1138 932 non

117 962 283 1038 superavit,
306 961 358 1021 sed
380 963 486 1020 ventus
508 960 609 1038 ignem
631 963 816 1038 temperavit.
860 960 901 1020 Et
923 961 977 1038 qui
1000 961 1043 1021 sic
1065 980 1135 1038 pro·

118 1051 246 1122 cedunt,
274 1051 363 1109 utiles
391 1052 492 1121 erunt;
523 1050 667 1126 praedicti
697 1055 797 1110 autem
819 1050 953 1126 masculi,
976 1051 1001 1110 ei
1025 1049 1136 1127 absque

118 1139 301 1200 mulieribus
315 1142 395 1215 sunt,
418 1139 573 1216 ingloriosi
587 1143 707 1199 manent
721 1141 806 1201 velut
822 1140 893 1211 dies,
917 1139 970 1216 qui
992 1139 1054 1199 sine
1077 1139 1137 1198 sole
1152 1145 1180 1191 10

120 1232 177 1292 est.
223 1228 281 1288 Sed
303 1232 341 1287 ut
362 1247 430 1288 cum
460 1227 507 1287 die
529 1230 560 1287 et
581 1248 635 1306 per
657 1230 735 1289 diem
758 1231 821 1289 sine
844 1229 906 1289 sole
928 1230 1046 1288 fructus
1069 1247 1138 1287 con-

118 1319 267 1394 tinentur,
289 1337 326 1376 ne
348 1320 490 1388 arescant,
514 1317 556 1377 sic
578 1318 629 1377 isti
653 1319 764 1396 absque
786 1317 965 1378 mulieribus
988 1320 1139 1377 manentes

120 1406 240 1468 modice
253 1409 418 1483 temperato
430 1411 532 1466 tenore
544 1407 746 1481 continentum
762 1427 830 1468 cum
845 1407 1023 1467 mulieribus
1039 1411 1139 1466 autem

119 1497 246 1557 iocundi
276 1499 360 1572 sunt,
392 1496 477 1555 velut
504 1494 566 1555 dies
598 1515 667 1556 cum
694 1498 756 1556 sole
784 1497 881 1557 clarus
909 1499 961 1556 est.
1006 1497 1046 1555 Et
1069 1497 1141 1573 quia

119 1587 155 1646 in
179 1585 254 1661 visu,
277 1585 309 1644 in
332 1585 436 1644 audito
460 1589 490 1644 et
508 1585 541 1644 in
556 1585 787 1662 cogitationibus
803 1603 908 1646 suaves
923 1589 1001 1658 sunt,
1024 1586 1141 1662 saepius
1155 1591 1183 1637 15

122 1695 218 1753 quarn
241 1675 293 1732 alii
315 1693 458 1750 aquosam
480 1692 617 1750 spumam
640 1678 670 1734 et
691 1695 751 1735 non
766 1678 879 1735 coctam
895 1675 931 1734 de
946 1694 977 1734 se
992 1675 1143 1751 emittunt,

124 1764 210 1841 quod
232 1767 264 1823 et
285 1763 437 1841 vigilando
460 1767 491 1822 et
513 1763 685 1824 dormiendo
709 1765 751 1824 eis
774 1764 928 1841 contingit.
976 1765 1078 1839 Atque
1100 1764 1142 1821 fa-

123 1853 213 1913 cilius
243 1872 333 1929 quam
361 1852 483 1929 qnidam
516 1852 568 1910 alii
598 1871 650 1912 seu
681 1872 751 1913 cum
778 1855 871 1913 semet
897 1853 970 1928 ipsis
998 1870 1052 1913 seu
1074 1871 1143 1912 cum

123 1942 192 2002 aliis
214 1943 303 2002 rebus
325 1962 343 1999 a
365 1941 463 2001 calore
485 1941 616 2000 libidinis
639 1943 807 2004 solvuntur.

124 2069 129 2078 ·
193 2032 241 2091 Dc
262 2030 471 2092 melancoliam.
516 2031 580 2088 Alii
602 2035 702 2090 autem
724 2032 782 2090 viri
804 2033 882 2102 eunt,
914 2047 1043 2107 quorum
1066 2048 1141 2089 cere·
1155 2036 1183 2081 w

123 2121 214 2180 brum
229 2120 340 2198 pingue
355 2123 408 2195 est,
432 2122 463 2178 et
476 2120 617 2196 pellicula
632 2111 764 2180 eiusdem
786 2119 898 2180 cerebri
920 2122 951 2179 et
972 2138 1063 2179 venae
1079 2119 1143 2178 eius

122 2207 273 2282 turbidae,
306 2211 396 2286 atque
419 2217 571 2268 austerum
593 2210 721 2269 colorem
745 2209 832 2269 faciei
854 2209 971 2274 babent.
994 2208 1038 2268 ita
1061 2207 1142 2284 quod

123 2298 217 2358 etiam
248 2298 330 2358 oculi
356 2316 459 2357 eorum
486 2298 675 2375 aliquantum
701 2299 782 2374 ignei
810 2302 840 2358 et
866 2297 980 2375 viperei
1001 2300 1081 2370 eunt,
1112 2299 1143 2356 et

123 2387 217 2447 durae
246 2391 277 2447 et
307 2388 399 2447 fortae
427 2405 515 2447 venas
549 2387 671 2460 habent,
704 2406 780 2464 quae
806 2388 928 2465 nigrum
955 2389 986 2446 et
1014 2387 1140 2464 spissum

123 2476 300 2554 sanguinem
329 2477 360 2534 in
392 2495 422 2536 se
458 2477 619 2553 continent,
652 2480 683 2535 et
714 2494 832 2554 grossas
862 2480 892 2536 et
919 2477 1010 2535 dures
1041 2494 1141 2535 carnes
1154 2483 1182 2529 25

121 2566 234 2626 habent
265 2570 356 2642 atque
386 2582 490 2642 grossa
520 2584 596 2641 ossa,
630 2585 705 2641 quae
735 2566 883 2626 modicam
918 2564 1079 2624 medullam
1111 2565 1142 2623 in

123 2673 157 2714 se
190 2656 303 2727 tenent,
336 2674 412 2730 quae
443 2657 542 2714 tamen
578 2657 641 2714 tarn
672 2655 793 2714 fortiter
826 2655 923 2730 ardet,
959 2653 1041 2731 quod
1074 2669 1143 2711 cum

124 2744 303 2804 mulieribus
324 2743 408 2803 velut
431 2744 569 2802 animalia
593 2747 623 2803 et
642 2747 679 2802 nt
699 2744 818 2821 viperae
834 2743 1049 2803 incontinentes
1063 2746 1142 2805 sunt.

123 2834 166 2893 Et
187 2838 307 2908 ventus,
340 2833 393 2909 qui
425 2832 457 2891 in
490 2832 601 2892 lumbis
634 2852 738 2892 eornm
768 2836 824 2909 eet,
856 2834 888 2891 in
918 2832 1016 2892 tribus
1047 2832 1142 2891 modis

125 2922 255 2992 exsistit,
287 2922 331 2980 ita
354 2921 435 2998 quod
457 2922 563 2998 igneus
587 2925 631 2982 est
654 2925 685 2981 et
706 2925 845 2982 ventosus
868 2940 902 2981 ac
924 2922 1008 2981 furno
1031 2921 1141 2981 melan·
1155 2928 1184 2974 aa

125 3011 218 3072 ochas
240 3011 417 3086 permixtus,
450 3014 481 3070 et
508 3010 575 3071 ideo
605 3014 716 3070 rectam
747 3011 933 3072 dilectionem
960 3010 998 3070 ad
1023 3010 1143 3069 nullum

123 3100 250 3173 habent;
273 3101 324 3160 sed
340 3100 433 3159 amari
449 3103 479 3159 et
499 3101 582 3160 avari
605 3104 636 3159 at
658 3101 830 3177 insipientes
852 3103 923 3159 sunt
945 3104 977 3159 et
998 3099 1143 3174 superflui

124 3191 157 3249 in
179 3189 302 3249 libidine
325 3207 359 3249 ac
381 3190 442 3248 eine
462 3190 663 3249 moderatione
677 3209 745 3249 cum
761 3189 940 3248 mulieribus
954 3189 1040 3248 velut
1054 3188 1142 3259 aeini3

125 3277 205 3338 unde
236 3279 261 3338 ei
289 3279 325 3337 de
352 3278 406 3338 hac
434 3277 556 3337 libidine
586 3278 737 3339 interdum
769 3278 961 3350 cessaverint,
990 3277 1076 3336 facile
1097 3278 1141 3335 in·

125 3367 237 3426 saniem
268 3367 374 3445 capitis
405 3367 576 3443 incurrunt,
607 3368 650 3426 ita
677 3368 758 3445 quod
785 3367 923 3427 frenetici
958 3369 1056 3428 erunt.
1101 3367 1140 3425 m
1154 3371 1183 3419 35

127 3475 196 3516 cum
228 3457 304 3516 hanc
326 3456 478 3515 libidinem
508 3457 540 3515 in
562 3457 777 3517 convictionem
805 3456 968 3516 mulierum
997 3458 1139 3530 exercent,

127 3545 271 3606 insaniam
286 3545 390 3621 capitis
406 3565 463 3605 non
478 3547 651 3621 patiuntur;
674 3547 724 3606 sed
746 3549 846 3606 tamen
870 3544 1025 3622 amplexio,
1049 3563 1140 3621 quam
