2680 3938
190 121 230 180 12
576 113 822 170 HILDEGARDIS

190 317 258 358 cum
280 299 340 357 iam
369 299 413 358 ibi
440 317 562 374 surgere
588 297 705 374 incipit,
734 300 845 356 terram
878 297 954 356 circa
986 297 1113 356 fundum
1142 298 1216 358 eius

190 387 326 447 calefacit
349 391 379 446 et
402 407 502 464 aquas,
525 406 601 463 quae
624 387 679 448 sub
702 390 783 446 terra
804 389 883 462 sunt,
907 387 937 446 et
956 385 1022 446 ideo
1039 405 1134 463 aquae
1149 389 1215 448 sub

189 481 270 536 terra
293 476 446 536 calidiores
468 478 499 536 in
522 476 617 536 hieme
640 479 710 536 sunt
732 495 822 551 quam
844 477 877 536 in
900 477 1019 539 aestate.
1057 476 1141 536 Tunc
1163 476 1215 535 ibi
1327 505 1328 508 ¹

189 568 220 624 in
243 566 327 642 signo
348 566 464 641 aquarii
479 567 597 643 planeta
612 566 670 638 ille,
694 566 747 641 qui
761 566 861 642 ignem
877 582 965 624 suum
981 584 998 622 a
1014 566 1074 624 sole
1089 584 1213 642 semper

161 655 304 731 srecipit,
327 655 440 715 scilicet
461 655 521 732 ille,
544 657 597 732 qui
619 655 651 713 in
674 654 759 732 signo
783 654 881 714 cancri
902 653 1027 714 inferius
1051 656 1112 714 sole
1134 658 1211 732 stat,

189 749 219 804 et
251 744 303 802 alii
327 746 465 821 planetae
493 744 681 804 advenientes
712 746 875 803 retrorsum
908 742 1059 810 incedunt.
1104 743 1208 804 Solem

188 834 369 894 comitantur
391 853 486 911 usque
510 833 547 892 ad
570 833 689 910 signnm
712 832 852 908 piscium,
878 835 998 892 etcum
1021 833 1060 892 ad
1082 833 1207 910 signum

187 923 263 982 illud
286 924 462 999 pervenerit,
484 923 543 982 iam
567 922 653 998 quasi
675 921 707 980 in
729 921 885 982 medietate
907 941 1055 998 aquarum
1078 927 1131 983 est.
1163 923 1205 982 llt

187 1014 293 1088 pisces,
321 1014 374 1089 qui
402 1031 432 1071 se
455 1012 539 1088 prius
561 1031 579 1069 a
600 1010 713 1088 frigore
736 1010 963 1082 absconderant,
992 1011 1052 1070 iam
1075 1012 1204 1071 calorem
1326 991 1327 1058 i

147 1117 174 1162 10
188 1102 251 1162 eius
282 1103 414 1161 sentiunt
448 1103 478 1160 et
509 1099 546 1158 ad
580 1099 793 1159 fecunditatem
824 1100 997 1176 procedunt.
1052 1101 1093 1160 Et
1126 1102 1203 1161 alius
1326 1173 1327 1189 χ

186 1192 311 1267 planeta,
340 1191 392 1266 qui
414 1190 551 1266 insigne
574 1190 672 1249 cancri
695 1189 732 1248 ad
755 1189 890 1249 dextram
912 1189 983 1248 solis
1005 1192 1077 1266 erat,
1103 1191 1130 1248 ei
1152 1189 1202 1250 hic

186 1279 317 1340 occurrit
339 1283 369 1338 et
390 1279 489 1355 ipsum
512 1297 631 1338 sursum
653 1279 747 1338 trahit
768 1297 862 1355 nsque
885 1278 923 1337 ad
946 1280 1065 1356 signum
1091 1280 1200 1340 arietis.

185 1369 225 1427 at
248 1387 316 1428 cum
338 1367 383 1428 sol
406 1368 448 1427 sic
470 1367 508 1426 ad
530 1368 649 1446 signum
677 1368 776 1427 arietis
804 1367 984 1444 pervenerit,
1013 1370 1043 1427 et
1068 1369 1112 1429 ibi
1141 1368 1201 1428 duo
1326 1362 1327 1369 '

186 1457 341 1516 inferiores
363 1457 499 1532 planetae
522 1457 549 1515 ei
572 1461 733 1517 occurrunt
755 1460 786 1516 et
808 1477 877 1517 eum
896 1458 1063 1533 suscipiunt
1083 1460 1113 1517 et
1133 1477 1203 1517 cum
1326 1477 1327 1484 ¹

146 1563 173 1608 15
187 1565 221 1605 eo
244 1546 391 1622 paulatim
414 1546 576 1606 ascendunt
598 1548 628 1605 et
650 1547 682 1605 in
705 1549 773 1605 ante
795 1547 923 1606 tendunt
941 1547 1026 1606 velut
1041 1547 1117 1607 aries
1133 1566 1203 1606 eum
1326 1550 1327 1555 ’

186 1634 332 1696 cornibus.
367 1634 425 1694 Sed
448 1655 515 1694 cum
539 1636 629 1695 altius
653 1636 784 1695 ascendit
806 1636 892 1712 quasi
915 1635 953 1694 ad
977 1636 1096 1712 signum
1110 1638 1200 1712 tauri,

185 1725 237 1784 isti
265 1724 323 1784 duo
351 1725 486 1800 planetae
514 1723 556 1783 ibi
587 1728 754 1797 remanent,
786 1728 816 1784 et
847 1725 898 1783 alii
931 1723 990 1784 duo
1024 1725 1052 1783 ei
1083 1724 1201 1786 obviam
1326 1732 1327 1739 ’

185 1813 321 1887 veniunt,
354 1815 407 1890 qui
436 1815 497 1874 rari
529 1818 599 1873 sunt
631 1815 668 1873 ad
694 1814 856 1873 videndum
879 1816 909 1873 et
932 1815 984 1890 qui
1007 1833 1075 1874 raro
1099 1817 1198 1875 osten-

186 1903 312 1978 duntur,
344 1904 402 1963 nisi
430 1904 530 1979 alique
556 1903 701 1963 miracula
723 1905 852 1979 portent.
898 1903 938 1962 m
960 1903 992 1962 hi
1015 1903 1109 1978 solem
1133 1907 1201 1964 ante

145 2009 172 2052 so
185 1993 343 2068 impellunt
365 1995 461 2053 multa
483 1995 645 2069 potestate,
675 1995 711 2051 ut
733 1996 853 2069 taurus,
883 1993 935 2068 qui
962 1992 1081 2052 fortiter
1103 1994 1202 2053 trudit

186 2081 333 2156 cornibus,
357 2086 387 2141 et
409 2083 502 2141 solem
525 2081 563 2140 ad
586 2081 774 2141 altitudinem
790 2083 984 2158 transferunt,
1006 2082 1050 2140 ita
1065 2084 1109 2155 ut,
1133 2101 1202 2141 cum

186 2170 224 2228 ad
246 2170 366 2248 signum
388 2171 575 2247 geminorum
597 2171 723 2243 venerit,
757 2171 833 2231 alter
865 2190 968 2230 eorum
996 2171 1089 2229 altera
1116 2178 1201 2246 parte

186 2259 269 2334 solis,
297 2260 373 2318 alter
400 2259 431 2318 in
454 2260 549 2319 altera
571 2263 657 2334 parte
679 2260 743 2320 eius
765 2261 880 2321 vadunt
902 2279 932 2319 se
956 2260 999 2318 ita
1021 2264 1199 2337 separantes

185 2366 280 2423 usque
305 2348 376 2406 dum
399 2349 436 2407 ad
458 2367 603 2408 summam
626 2349 815 2408 altitudinem
838 2367 922 2408 suam
938 2349 1126 2425 perveniunt.
1161 2351 1202 2409 Et

146 2450 173 2495 25
186 2439 258 2496 tuno
290 2437 367 2497 circa
398 2436 516 2515 signum
549 2438 660 2514 cancri,
692 2457 759 2497 cum
790 2440 835 2498 sol
865 2439 926 2496 iarn
961 2437 999 2496 ad
1031 2439 1201 2498 descensum

186 2527 296 2587 reverti
316 2525 410 2603 debet,
433 2528 558 2604 planeta,
582 2528 636 2602 qui
651 2527 689 2586 ad
705 2527 840 2586 dextram
856 2528 920 2586 eius
936 2527 1026 2603 vadit,
1048 2528 1200 2587 modicum

186 2635 254 2674 eum
276 2616 427 2690 praecedit
449 2619 479 2676 et
501 2616 593 2675 aliurn
617 2616 764 2692 quendam
786 2617 938 2692 planetam
960 2615 1085 2676 inferius
1107 2617 1200 2676 solem

186 2707 315 2764 stantem
346 2705 475 2781 invenit,
514 2708 545 2764 et
583 2725 652 2765 mox
684 2705 804 2782 planeta
837 2706 888 2765 ille
922 2706 1075 2782 planetam
1108 2707 1201 2765 istum

186 2793 312 2852 sentiens
328 2798 493 2854 retrorsum
508 2794 619 2853 incedit
633 2814 802 2871 parumper,
827 2797 857 2854 et
876 2795 932 2854 iste
951 2795 1038 2853 illum
1054 2795 1199 2870 sequitur.

143 2894 171 2940 30
184 2882 224 2941 Et
250 2883 360 2940 iterum
388 2884 439 2943 ille
466 2884 640 2959 revertitur,
672 2886 702 2943 et
730 2884 788 2943 iste
819 2885 902 2960 prior
933 2884 1056 2961 recedit,
1089 2887 1119 2944 et
1149 2885 1202 2944 ille

184 2971 335 3047 sequitur3
358 2974 388 3031 et
411 2974 453 3033 sie
474 2991 528 3049 per
550 2972 673 3048 aliquod
694 2975 812 3049 tempus
834 2973 1042 3048 praecedentes
1066 2975 1096 3033 et
1117 2974 1200 3032 rede-

184 3064 270 3119 untes
286 3061 370 3120 velut
385 3063 482 3122 cancri
497 3062 644 3133 incedunt
668 3081 762 3137 usque
779 3063 850 3121 dum
865 3062 957 3122 solem
972 3062 1010 3120 ad
1026 3062 1200 3122 descensum

185 3152 371 3211 convertunt.
415 3153 456 3212 llt
478 3153 597 3228 planeta
619 3151 684 3226 ille,
716 3152 768 3227 qui
796 3151 834 3209 ad
861 3151 1011 3210 sinistram
1033 3151 1104 3210 solis
1127 3155 1199 3228 arat,

185 3238 229 3298 ibi
261 3243 405 3315 remanet,
438 3244 469 3301 et
495 3241 546 3300 isti
574 3240 633 3299 duo
657 3241 839 3300 comitantur
861 3259 929 3299 eum
952 3243 982 3299 et
1004 3240 1036 3299 in
1059 3239 1200 3300 descensu

141 3337 171 3384 35
184 3329 286 3386 tenent
308 3347 386 3403 eum,
409 3350 445 3390 ne
468 3349 559 3406 supra
581 3323 759 3390 modum‘in
782 3329 922 3389 descensu
946 3333 1055 3390 currat.
1093 3329 1133 3388 Et
1154 3330 1200 3388 ita

185 3417 299 3476 ducunt
330 3436 398 3478 eum
430 3438 524 3496 usque
553 3419 591 3477 ad
618 3419 736 3496 signum
758 3419 859 3482 leonis.
905 3419 945 3477 Et
968 3421 1041 3477 tunc
1063 3419 1198 3494 planetae

183 3507 240 3582 illi,
271 3506 324 3581 qui
355 3509 387 3568 in
415 3511 499 3588 signo
527 3508 628 3568 arietis
655 3510 751 3584 erant,
781 3507 824 3566 ibi
855 3508 911 3567 soli
940 3509 1101 3566 occurrunt
1128 3506 1198 3566 sub·
