2680 3938
194 171 236 230 20
581 160 827 218 HlLDllGARDIS

193 350 225 408 in
248 348 382 407 claritate
415 365 468 406 sua
499 351 668 422 appareant,
700 347 726 406 si
756 349 829 406 tuno
857 345 957 423 aliqua
983 347 1077 406 nubes
1110 365 1215 407 omnes

194 438 295 498 stellas
325 435 447 514 obtegit,
477 437 521 496 ita
552 438 587 494 ut
616 436 712 497 rideri
741 455 799 496 non
827 437 941 513 possint
970 437 1053 495 nulla
1080 436 1215 496 motione

194 527 270 586 aeris
286 526 433 598 existente,
457 530 487 585 et
509 525 550 584 sio
572 527 669 584 totam
691 528 807 584 noetem
829 526 912 584 illam
935 528 1035 584 manat
1056 525 1104 584 vel
1120 526 1214 585 etiam

194 615 349 676 secundam
378 619 408 676 et
437 615 557 674 tertiam
580 617 695 674 noctem
718 615 867 674 similiter:
895 633 955 674 non
978 615 1039 674 sine
1062 614 1212 690 signifiea-

167 706 275 764 stione
298 705 423 764 alicuius
450 703 581 780 portanti
603 707 657 768 est.
703 703 789 774 Quod
816 704 841 763 si
862 703 956 763 nubes
981 704 1035 762 illa
1057 703 1156 763 stellas
1180 705 1216 762 in

194 794 258 853 looo
281 813 342 853 uno
364 797 483 852 tantum
508 792 631 870 obtegit,
658 793 701 852 ita
728 793 809 869 quod
836 793 931 852 videri
953 811 1013 851 non
1035 793 1158 867 possint,
1184 799 1218 854 et

194 885 219 942 si
249 883 342 942 nubes
374 882 426 941 illa
457 882 515 943 oito
548 880 744 957 subtrahitur,
773 882 849 941 nihil
880 885 1041 958 portentat,
1076 883 1216 958 quamvis

194 972 278 1031 nulla
300 972 393 1031 motio
417 971 491 1030 aeris
514 971 561 1032 sit.

263 1062 346 1134 Quod
368 1062 508 1135 planetae
536 1077 572 1120 aa
599 1061 648 1120 sat
675 1064 788 1119 notura
816 1060 894 1118 nibil
922 1059 1098 1134 aipnifioeat.
1148 1059 1216 1119 Hae

154 1166 181 1211 10
194 1152 293 1209 autem
315 1149 542 1227 significationes
573 1168 632 1208 nou
663 1150 787 1226 propria
813 1149 925 1209 virtute
953 1149 1088 1224 ipsorum
1112 1149 1213 1224 plane·

193 1242 294 1298 tarum
317 1258 369 1298 sau
391 1239 545 1298 stellarum
569 1243 621 1298 aut
643 1239 770 1297 nubium
792 1238 876 1312 fiunt,
900 1237 951 1298 sed
973 1238 1166 1315 permissione
1182 1242 1216 1298 et

193 1329 347 1388 voluntate
371 1347 404 1386 ao
427 1327 637 1388 oonstitutione
661 1328 715 1402 dei,
740 1326 901 1388 seeundum
917 1327 998 1403 quod
1021 1327 1094 1386 deus
1117 1327 1213 1386 homi·

194 1417 280 1476 nibus
304 1436 392 1493 opera
414 1417 548 1492 ipsorum
571 1417 770 1476 demonstrare
793 1416 931 1492 voluerit,
959 1416 1213 1493 quemadmodum

194 1525 333 1566 nummus
355 1507 514 1584 imaginem
538 1507 651 1565 domini
672 1507 719 1565 sui
743 1505 879 1566 ostendit.

153 1611 179 1656 15
260 1596 307 1655 De
330 1597 444 1655 viribus
466 1597 556 1670 ipais.
601 1595 681 1654 Deus
708 1595 810 1670 itaque
833 1612 901 1653 oum
924 1594 1069 1653 mundum
1093 1595 1212 1670 creavit,

193 1686 324 1760 quatuor
346 1685 503 1756 elementis,
531 1685 642 1744 soilioat
669 1685 753 1760 igne,
779 1703 854 1755 aere,
882 1702 960 1758 aqua
983 1687 1013 1742 et
1035 1687 1121 1742 terra
1144 1703 1214 1742 aum

194 1774 390 1850 confirmavit,
418 1778 454 1833 ut
476 1775 662 1849 praedictum
686 1777 738 1836 est.
784 1773 867 1850 Ignis
890 1773 977 1848 enim,
1000 1772 1053 1848 qui
1076 1791 1213 1832 summus

193 1863 225 1921 in
247 1863 433 1923 firmamento
466 1867 496 1922 at
527 1862 732 1921 inelementia
761 1871 813 1933 ast,
847 1862 979 1938 quinqua
1007 1861 1085 1921 vires
1115 1860 1213 1938 habet,

192 1952 328 2012 videlieet
344 1953 488 2027 ardorem,
504 1951 698 2028 geliditatem,
721 1951 885 2023 humorem,
907 1970 1012 2022 aerem,
1038 1951 1213 2023 motionem

153 2054 181 2100 20
194 2042 442 2116 quamadmodum
463 2041 551 2100 homo
569 2040 699 2116 quinque
718 2040 850 2100 sensibus
866 2041 1009 2100 consistit.
1042 2038 1117 2098 Nam
1132 2040 1213 2117 ignis

195 2130 287 2206 ardet,
310 2130 362 2190 sed
385 2131 522 2208 geliditas
545 2130 572 2188 ei
597 2129 703 2205 obstat,
726 2149 762 2188 na
783 2130 870 2189 ardor
894 2131 957 2188 ains
971 2147 1063 2205 supra
1087 2130 1212 2190 modum

194 2219 350 2280 disourrat.
398 2219 437 2278 Et
458 2237 536 2295 aqua
558 2218 713 2277 humorem
737 2219 765 2278 ei
784 2219 997 2290 subministrat,
1020 2220 1056 2277 ut
1076 2218 1212 2278 sufflatus

192 2307 287 2382 ipsius
299 2307 457 2390 ⁸aooendat.
502 2307 547 2366 De
570 2327 635 2366 aare
651 2311 750 2366 autem
766 2309 944 2381 accenditur,
968 2313 999 2367 et
1022 2308 1057 2366 de
1080 2308 1212 2368 motione
1332 2374 1333 2385 χ

193 2397 367 2472 impellitur,
390 2400 426 2456 ut
448 2397 566 2455 flamma
589 2397 652 2456 eius
674 2397 782 2458 luceat.

153 2500 181 2546 25
261 2488 309 2546 De
330 2487 445 2546 viribon
467 2487 556 2546 oerb.
606 2484 663 2544 sed
683 2505 732 2545 aar
756 2490 886 2562 quatuor
907 2487 984 2547 vires
1007 2485 1107 2560 habat,
1129 2485 1210 2546 vide·

193 2576 261 2634 lioat
283 2595 380 2635 rorem
397 2575 567 2648 amittendo,
592 2594 707 2634 omnem
722 2577 905 2637 viriditatem
920 2574 1082 2646 excitando,
1106 2574 1211 2635 flatum

193 2665 355 2740 movendo,
379 2683 447 2724 oum
470 2684 529 2741 quo
551 2666 638 2725 flores
661 2665 776 2739 educit,
801 2667 928 2726 calorem
953 2663 1112 2736 dilatando,
1143 2683 1212 2724 oum

194 2772 254 2828 quo
278 2755 375 2813 omnia
399 2757 593 2814 maturescere
619 2755 705 2828 faoit3
740 2756 823 2816 velut
850 2757 881 2814 et
907 2754 970 2830 ipse
997 2773 1051 2830 per
1081 2757 1212 2829 quatuor
1333 2755 1334 2762 ’

193 2845 291 2918 partes
322 2843 425 2902 mundi
457 2837 636 2922 dilatatur.1)
659 2845 719 2902 Aer
746 2846 825 2904 enim
853 2845 1000 2921 spiramen
1035 2846 1093 2915 est,
1129 2843 1210 2920 quod

153 2932 225 2992 aoin
255 2950 323 2990 rore
356 2934 511 2992 humorem
543 2933 778 3011 germinantibus
806 2933 947 3003 infundit,
979 2934 1023 2992 ita
1054 2937 1090 2992 ut
1113 2933 1213 2992 omnia

194 3020 352 3093 viresoaut3
377 3023 407 3080 et
429 3023 510 3097 quod
526 3024 699 3099 perflatum
721 3023 807 3083 fiores
830 3023 931 3082 educit
953 3024 982 3081 at
1004 3041 1058 3098 per
1081 3023 1211 3081 oalorem

195 3109 293 3168 omnia
315 3111 353 3168 ad
379 3112 584 3171 maturitatem
607 3113 769 3175 confirmat.
815 3111 876 3170 Aer
899 3115 1007 3182 autem,
1036 3111 1089 3186 qui
1112 3111 1210 3187 proxi·

194 3217 260 3258 mus
284 3200 470 3277 dispositioni
496 3203 584 3261 lunae
608 3204 637 3260 et
660 3202 812 3260 stellarum
837 3203 893 3276 est,
923 3201 1019 3260 sidera
1048 3199 1209 3275 humectat,
1331 3203 1332 3212 ’

194 3289 279 3347 velut
309 3293 444 3349 terrenus
477 3310 526 3349 aer
559 3293 669 3350 terram
701 3293 731 3350 et
766 3290 903 3348 animalia
932 3290 1149 3349 irrationabilia
1181 3291 1211 3349 et

154 3391 181 3438 35
195 3378 343 3438 sensibilia
369 3379 531 3438 secundum
560 3382 697 3438 naturam
725 3380 856 3454 ipsorum
888 3379 1019 3439 vivificat
1048 3382 1078 3437 at
1112 3380 1211 3438 movet

198 3514 407 3523 --—-—-

267 3573 291 3643 l)
309 3571 472 3638 20‚aa—2l‚a
494 3595 526 3613 =
546 3568 643 3638 Migne
663 3566 731 3623 1209
749 3567 773 3620 D
794 3599 828 3608 -
850 3569 920 3623 1211
942 3568 976 3623 Α.
