2668 3924
193 135 255 193 182
531 195 535 203 .
577 125 824 182 HILDEGARDIS

190 313 275 372 bibat
297 316 328 371 et
350 331 449 370 omnes
473 313 553 370 cibos
576 330 643 371 suos
666 314 749 370 aceto
772 311 959 371 commisceat
974 315 1064 387 atque
1080 315 1212 387 acetum,

192 402 460 479 quomodocunque
483 401 602 476 poterit,
625 419 711 475 saepe
734 400 826 474 bibat,
849 407 880 460 et
902 400 957 460 hoe
980 401 1068 460 modo
1091 402 1123 459 in
1146 407 1213 462 sto·

191 491 294 550 macho
311 494 341 549 et
355 491 387 549 in
407 492 502 550 vesica
525 490 637 550 calidus
660 491 726 550 erit.
758 488 833 548 Nem
856 490 936 548 calor
959 490 1022 548 vini
1046 489 1083 548 ad
1105 492 1211 568 ignem

192 582 334 639 alteratus
365 585 395 640 et
426 580 470 638 ita
499 581 530 638 in
553 583 629 655 potu
656 583 794 653 sumptus
817 579 1003 638 stomachum
1027 584 1057 638 et
1079 581 1212 640 vesicam

164 669 327 729 scelefaoit
353 672 383 729 et
413 669 532 727 urinam
564 668 601 727 ed
630 672 742 727 rectam
770 668 964 745 digestionem
992 669 1100 728 retinet
1124 688 1157 728 ac
1184 671 1213 729 ei

191 761 301 818 rectem
324 759 516 836 digestionem
540 761 570 816 et
596 758 723 817 calorem
752 757 851 817 infert.
897 755 953 816 Sed
976 760 1007 816 et
1029 757 1151 816 salviam
1178 761 1211 817 in

193 868 269 924 aqua
306 851 413 924 eoquat
451 851 481 906 et
517 847 637 906 eandem
674 866 782 921 aquam
814 865 866 921 per
898 866 1029 922 pannum
1060 847 1139 906 colet
1177 868 1212 907 ae

192 956 257 995 eam
288 937 331 994 ita
363 937 492 996 calidum
515 955 599 1012 saepe
622 936 716 1010 bibet,
745 939 774 993 et
802 935 853 993 ille
875 936 993 993 urinam
1016 936 1157 995 retinebit
1181 944 1214 996 et

192 1026 355 1088 curabitur.
382 1024 480 1085 Salvia
496 1027 573 1084 euim
591 1025 725 1098 livorem,
742 1025 795 1100 qui
812 1025 848 1082 de
863 1025 1031 1101 frigiditate
1046 1025 1213 1084 humorum

152 1128 179 1172 10
191 1115 222 1173 in
249 1115 401 1174 stomacho
430 1118 459 1173 et
491 1116 521 1172 in
547 1116 643 1173 venien
670 1118 753 1174 ortus
786 1117 836 1185 est,
860 1115 913 1189 qui
941 1114 1031 1172 etiam
1063 1118 1129 1173 ante
1163 1116 1210 1174 di·

192 1205 355 1281 gestionem
383 1204 499 1262 urinam
524 1204 652 1279 expellit,
676 1204 772 1262 calore
796 1221 849 1262 suo
873 1203 979 1262 aufert.

257 1294 303 1352 De
325 1294 479 1353 sterilitate
500 1290 634 1355 masculi.
683 1286 707 1366 ¹)
735 1292 884 1351 Masculus
912 1311 996 1368 ergo,
1031 1292 1084 1368 qui
1113 1291 1213 1351 difflu-

192 1385 289 1440 entem
312 1387 449 1440 naturam
472 1382 591 1440 seminis
613 1381 711 1452 habet,
735 1381 778 1439 ita
801 1381 883 1457 quod
906 1400 964 1441 non
980 1383 1138 1458 germinat,
1162 1382 1213 1442 hic

190 1464 401 1543 anseaaeppaa
424 1471 547 1545 accipiat
577 1470 665 1529 etad
690 1471 752 1528 eius
776 1470 896 1528 tertiam
919 1473 1033 1545 partem
1061 1471 1211 1546 ertpeffer,

152 1573 178 1616 15
192 1565 222 1618 et
252 1563 364 1635 quanta
391 1579 459 1634 pars
490 1563 598 1635 quarta
628 1561 793 1632 ertpeffercs
816 1562 867 1630 est,
900 1561 1018 1618 tentum
1048 1561 1084 1617 de
1106 1561 1214 1620 winda

191 1653 290 1708 sumat
321 1654 352 1707 et
379 1650 566 1724 aliquantum
593 1648 628 1707 de
656 1649 714 1707 alio
743 1649 854 1706 usitato
881 1649 994 1724 pipere,
1026 1651 1116 1724 atque
1139 1650 1213 1708 haec

192 1757 259 1798 cum
282 1738 377 1798 iecere
400 1739 515 1797 iuvenis
538 1738 622 1814 hirci,
653 1738 706 1814 qui
732 1738 791 1795 iam
824 1741 962 1796 maturus
992 1741 1036 1796 est
1064 1738 1101 1795 ed
1125 1757 1210 1815 gene·

191 1827 324 1902 randum,
352 1831 462 1904 coquat
497 1827 604 1886 additis
631 1828 721 1886 etiam
748 1827 935 1901 aliquantum
958 1827 1057 1884 crudis
1086 1829 1116 1885 et
1143 1829 1209 1902 pin-

192 1917 301 1994 guibus
333 1917 464 1992 porcinis
495 1916 641 1976 carnibus.
690 1916 730 1974 ut
760 1919 832 1975 tune
862 1914 961 1974 herbis
993 1916 1058 1974 istis
1086 1909 1210 1976 abiectis

151 2018 178 2064 20
192 2025 291 2064 earnes
322 2007 375 2064 has
407 2006 542 2066 comedat
574 2008 604 2064 et
633 2007 722 2064 etiam
753 2024 857 2080 panem
881 2006 911 2062 in
940 2024 1060 2080 aquam,
1090 2005 1121 2063 in
1150 2025 1211 2080 qua

192 2095 362 2153 huiusmodi
386 2114 485 2154 carnes
508 2097 607 2153 coctae
630 2097 712 2165 sunt,
748 2094 877 2170 intingat
900 2097 930 2152 et
958 2113 1025 2151 eum
1048 2094 1208 2154 manducet

193 2187 223 2243 et
245 2184 303 2242 hoc
324 2183 411 2243 modo
435 2184 600 2258 praedictas
623 2202 724 2242 earnes
748 2184 843 2242 coctas
867 2201 953 2258 saepe
969 2184 1110 2257 comedat,
1136 2203 1208 2259 qua·

191 2273 273 2330 tinus
297 2272 332 2331 de
355 2291 442 2331 succo
464 2292 564 2330 earum
580 2291 677 2330 semen
692 2291 781 2331 suum
797 2272 1005 2330 fortitudinem
1022 2273 1208 2348 germinandi

193 2361 325 2437 accipiat,
349 2362 374 2420 si
397 2362 511 2421 iustum
533 2361 678 2420 iudicium
701 2361 748 2419 dei
770 2362 827 2420 hoc
849 2361 912 2419 fieri
935 2362 1113 2436 permiserit.

150 2464 177 2508 25
258 2451 318 2510 Pro
341 2451 493 2510 sterilitate
513 2451 653 2522 feminee.
694 2441 835 2531 ²)Mulier
858 2454 970 2526 entem,
994 2451 1078 2509 cuius
1101 2452 1208 2509 matrix

191 2540 316 2598 interius
340 2539 450 2617 frigida
473 2543 503 2598 et
525 2540 622 2598 tenuis
646 2542 690 2598 est
713 2540 750 2598 ad
772 2539 997 2614 concipiendum
1012 2540 1136 2615 prolem,
1152 2539 1209 2600 hoe

192 2629 280 2688 modo
296 2630 425 2701 iuvetur,
449 2630 474 2688 si
497 2630 568 2688 deus
591 2629 634 2688 ite
649 2629 786 2701 voluerit,
809 2633 845 2688 ut
863 2628 989 2687 fecunde
1003 2629 1065 2688 fiat.
1098 2629 1213 2705 Accipe·

192 2735 263 2794 ergo
287 2719 439 2777 matricem
462 2738 555 2795 agnae
582 2721 636 2777 aut
662 2719 816 2778 matricem
843 2736 960 2789 vaceae,
995 2737 1070 2794 quae
1099 2719 1130 2776 in
1153 2720 1208 2778 hac

193 2807 365 2865 maturitate
392 2811 473 2878 sunt,
514 2808 594 2884 quod
624 2808 746 2884 gignere
777 2811 912 2882 possunt,
945 2811 975 2866 et
1012 2827 1080 2866 cum
1112 2808 1208 2866 adhuc

60 2947 62 2956 .
150 2891 319 2953 eomundae
342 2905 418 2971 sunt,
449 2897 492 2954 ita
515 2897 596 2972 qnod
618 2899 701 2956 nullo
724 2897 789 2955 fetu
811 2899 951 2972 gravatae
974 2900 1044 2955 sunt
1065 2915 1119 2955 nec
1142 2917 1206 2974 gra·

192 2987 278 3044 retae
301 2985 438 3060 fuerunt,
462 2989 491 3044 et
520 3005 568 3044 eas
597 3003 664 3044 eum
686 2987 770 3044 lardo
795 2991 912 3044 etcum
941 2985 1005 3044 aliis
1028 2986 1206 3060 quibusdam

191 3072 353 3150 pinguibus
377 3074 512 3132 carnibus
536 3078 566 3133 et
589 3093 657 3133 cum
680 3075 821 3151 sagimine
846 3093 938 3149 eoque
961 3076 992 3132 et
1016 3075 1054 3132 da
1081 3075 1206 3134 feminae

192 3162 229 3221 ad
252 3163 472 3238 comedendum,
503 3182 570 3222 eum
601 3165 654 3222 illa
675 3164 707 3221 in
731 3163 934 3222 coniunctione
956 3164 1058 3221 mariti
1087 3169 1132 3224 est
1154 3168 1206 3223 aut

192 3271 260 3310 enm
274 3253 382 3312 marito
397 3254 554 3328 postmodo
571 3253 630 3312 cito
645 3253 797 3329 iungetur,
827 3252 866 3309 ut
880 3251 1053 3311 huiusmodi
1068 3255 1205 3314 carnibus

151 3351 178 3396 35
192 3341 361 3416 frequenter
394 3344 511 3417 utatur,
551 3345 581 3401 et
613 3359 717 3400 succus
748 3341 879 3400 matricis
906 3341 1126 3417 praedictorum
1155 3363 1203 3419 pe·

264 3495 287 3565 1)
311 3515 334 3549 v.
359 3495 465 3550 12-24
487 3522 519 3540 =
544 3497 641 3567 Migne
662 3496 731 3550 raas
755 3496 787 3549 A.
811 3526 845 3535 -
868 3495 892 3565 2)
915 3495 1203 3566 v.25-p.183,4=

192 3567 287 3638 urguo
307 3567 427 3622 13241).
