2662 3932
400 181 543 237 CAUSAE
562 181 608 236 ΕΤ
627 180 749 236 CURAl]
768 181 836 236 LIB.
855 181 890 238 ΙΙ.
1090 187 1151 244 157

134 369 193 427 iam
219 367 342 426 crudam
366 367 395 424 et
417 383 477 424 nou
501 367 614 424 coctam
637 383 695 424 non
719 366 754 424 de
777 367 859 425 recto
883 366 948 424 loco
971 363 1086 423 itineris
1107 363 1155 422 sui

135 457 257 526 emittit,
281 456 332 514 sed
353 455 432 513 inter
455 457 554 513 cutem
578 457 607 513 et
622 473 740 514 caruem
756 460 839 513 extra
852 457 990 512 naturam
1006 453 1156 514 diffundit.

204 547 252 606 Do
274 545 440 616 inflatione.
478 541 554 601 Nam
585 562 653 602 cum
683 544 713 602 in
746 543 915 602 hominibus
946 543 1011 602 istis
1034 542 1155 618 sanguis

136 635 264 712 fugatur
287 636 317 693 et
338 633 445 710 flegma
468 632 655 707 diminuitur,
679 652 757 709 eque
780 633 859 690 inter
881 635 979 690 cutem
995 635 1025 691 et
1041 649 1156 690 carnem

136 723 319 800 irruptiones
351 740 419 781 suas
451 721 523 780 facit
556 725 586 780 et
616 725 716 781 totum
749 719 857 798 corpus
883 721 975 783 inflat.
1021 721 1060 778 Et
1084 720 1182 795 quiae

137 812 259 890 sanguis
291 830 395 871 eorum
425 811 457 868 iu
487 811 560 886 ipsis
588 808 688 870 aridus
719 814 763 870 est
786 814 816 870 et
838 811 944 886 flegma
967 809 1153 883 exsiccatum,

137 920 252 978 semper
304 901 385 960 sitim
440 899 570 975 habent,
630 901 770 976 quoniam
823 899 972 976 quidquid
1025 897 1156 956 biberint

136 1009 191 1050 uec
217 990 298 1065 (ad)
325 989 499 1064 sanguinem
522 1009 575 1048 neo
599 991 635 1048 ad
658 991 766 1065 flegma
781 989 918 1064 vertitur,
943 987 993 1047 scd
1009 987 1046 1045 ad
1062 987 1152 1044 inter·

135 1083 294 1140 cutaneam
316 1098 435 1155 aquam,
480 1077 520 1136 loe
543 1097 612 1138 cum
634 1079 812 1137 innomine
839 1078 892 1137 illo
921 1097 999 1153 aque
1026 1077 1058 1134 in
1086 1078 1155 1134 oute

134 1171 224 1242 lucet,
249 1167 277 1227 ei
298 1166 444 1226 medicina
466 1167 699 1226 succurrendum
722 1171 778 1243 est,
803 1167 920 1244 quiesi
942 1169 1016 1224 tuno
1039 1165 1154 1223 diutius
1171 1174 1197 1219 10

135 1259 333 1334 exspectatur,
366 1255 397 1314 iu
429 1255 565 1331 tepidum
593 1257 748 1316 humorem
770 1258 901 1332 vertitur
924 1259 1015 1332 atqua
1038 1253 1156 1331 saugui-

134 1365 225 1406 neum
249 1347 377 1405 colorem
408 1345 544 1421 acquirit,
580 1347 634 1422 qui
667 1346 735 1404 tabe
769 1347 934 1421 permixtus
968 1347 1021 1418 est,
1056 1346 1085 1402 et
1114 1343 1157 1402 ita

133 1437 225 1495 homo
253 1433 452 1511 periclitatur.
499 1434 628 1504 Quidam
649 1454 719 1494 vero
743 1435 888 1511 homineS,
912 1435 966 1511 qui
993 1435 1158 1510 temperata

135 1543 263 1601 corpora
286 1523 403 1599 habent,
432 1524 476 1582 ita
499 1525 580 1599 quod
603 1525 634 1582 in
658 1543 744 1584 carne
767 1543 819 1583 nec
842 1524 930 1582 nimis
953 1524 1080 1600 pingues
1103 1541 1157 1580 nec

134 1614 225 1674 nimis
248 1613 339 1671 macri
362 1617 439 1688 sunt,
472 1616 652 1690 temperatos
682 1615 772 1672 ctiam
803 1613 943 1672 humores
976 1612 1093 1688 saepius
1124 1611 1197 1669 in15

136 1723 167 1763 se
192 1703 302 1761 babent
326 1705 356 1760 et
374 1721 441 1774 raro
467 1701 503 1760 ab
527 1703 580 1761 illo
603 1704 734 1777 (malo),
757 1702 838 1779 quod
858 1702 969 1761 dicitur
991 1702 1065 1775 otob,
1087 1701 1154 1759 tati·

136 1795 256 1870 gantur,
281 1791 352 1867 quia
373 1790 522 1866 humores,
546 1792 582 1850 de
606 1792 715 1868 quibus
739 1792 794 1850 hoo
816 1792 930 1850 malum
952 1790 1094 1863 nascitur,
1123 1790 1154 1847 in

137 1883 178 1940 eis
200 1900 259 1940 non
282 1879 551 1956 superhabundant.

205 1970 251 2029 Do
273 1971 459 2030 tortionibus,
498 1968 555 2038 Qui
572 1971 649 2030 enim
665 1973 719 2029 aut
733 1969 821 2028 nimis
842 1969 969 2045 pingues
993 1970 1046 2026 aut
1068 1967 1156 2025 nimis

137 2059 229 2118 maeri
252 2061 332 2133 sunt,
363 2060 449 2117 malis
472 2059 647 2118 humoribus
680 2077 766 2134 saepe
800 2058 981 2133 habundant,
1017 2056 1156 2134 quoniam
1169 2065 1198 2110 20

135 2152 249 2208 rectam
271 2147 489 2207 iustitutionem
512 2153 542 2206 et
563 2148 789 2224 temperantiam
821 2149 853 2206 iu
886 2165 917 2206 se
945 2166 1006 2206 uon
1028 2147 1155 2218 babent3

136 2238 215 2296 unde
238 2237 397 2313 aliquando
421 2237 457 2294 de
480 2237 576 2312 corde,
599 2237 636 2296 de
658 2238 762 2312 iecore,
794 2237 829 2296 de
857 2237 1006 2312 pulmone,
1039 2235 1075 2294 de
1099 2238 1156 2294 sto·

136 2327 240 2388 macho
271 2329 302 2384 et
332 2326 368 2386 te
399 2326 562 2386 visceribus
596 2346 699 2386 eorum
727 2327 798 2385 mali
821 2326 960 2385 humores
984 2327 1156 2402 exsurgunt,

138 2417 191 2494 qui
223 2415 260 2474 ad
293 2415 497 2474 melancoliam
528 2416 655 2474 tendunt
690 2435 723 2475 ac
757 2436 822 2476 eam
856 2416 1004 2492 fumigare
1044 2414 1158 2472 faciunt

136 2509 228 2582 atque
250 2505 294 2562 ita
314 2505 477 2580 pessimum
500 2505 625 2564 livorem
647 2505 680 2564 in
694 2505 813 2564 homine
829 2507 943 2580 parant,
966 2504 1051 2563 velut
1067 2503 1156 2561 etiam
1170 2511 1198 2556 25

138 2595 213 2653 litus
236 2594 396 2670 aliquando
419 2593 562 2653 instante
584 2600 615 2654 et
636 2614 695 2654 nou
717 2595 827 2654 fluente
843 2613 920 2670 aqua
935 2592 1077 2669 putridus
1092 2591 1157 2667 pul·

134 2685 181 2744 vis
213 2683 409 2757 supercrescit
439 2687 469 2741 et
498 2686 681 2759 supernatat.
734 2685 774 2742 llt
803 2683 881 2741 livor
913 2683 970 2741 iste
999 2683 1052 2740 aut
1074 2683 1158 2740 iuxta

134 2772 325 2832 stomachum
353 2777 408 2831 aut
435 2773 521 2831 iuxta
551 2774 665 2832 viscera
696 2773 745 2832 vel
776 2773 808 2830 in
840 2771 934 2830 alium
957 2771 1057 2830 locum
1080 2770 1158 2829 inter

136 2865 236 2922 cutem
267 2864 298 2920 et
329 2880 445 2920 carnem
476 2862 556 2921 cadit
587 2867 618 2921 et
649 2862 692 2920 ibi
722 2866 823 2920 manat
845 2866 876 2920 et
897 2861 1048 2921 hominem
1070 2859 1157 2917 illum

137 2951 234 3010 multa
249 2950 410 3009 acerbitate
424 2953 561 3027 torquet,
578 2951 662 3011 velut
677 2971 746 3010 eum
761 2951 805 3010 ibi
826 2949 988 3010 mordendo
1011 2948 1153 3008 comedat.
1168 2955 1195 3000 ³⁰

136 3039 194 3098 Sed
226 3042 325 3098 tamen
356 3039 478 3098 vitalem
510 3041 653 3116 spiritum
685 3059 745 3099 non
776 3039 866 3098 babet
893 3039 931 3098 ad
961 3038 1157 3097 mordendum

135 3129 294 3198 hominem,
318 3128 370 3187 sed
392 3131 509 3187 tantum
534 3128 683 3206 quandam
706 3128 842 3189 acerbam
864 3127 1104 3198 amaritudinem
1128 3129 1158 3184 at

135 3219 221 3277 velut
243 3218 323 3277 oculi
345 3218 378 3276 in
400 3237 435 3278 eo
458 3221 609 3295 apparent,
640 3222 729 3295 atque
758 3219 789 3276 in
821 3236 907 3277 carne
930 3216 1057 3276 hominis
1080 3215 1158 3274 iacet

135 3310 172 3365 ut
203 3309 266 3366 lens
300 3307 332 3364 in
347 3357 348 3364 ,
365 3325 461 3371 carne,
510 3308 683 3385 Aliquando
716 3308 807 3366 etiam
838 3307 870 3365 in
900 3308 1025 3382 longum
1055 3308 1154 3363 erten-

136 3396 227 3471 ditur,
261 3395 421 3472 aliquando
453 3397 544 3455 etiam
573 3397 604 3456 in
635 3397 852 3474 globositatem,
890 3398 927 3454 ut
956 3394 1076 3454 vitellus
1107 3393 1156 3452 ovi
1171 3399 1199 3443 35

136 3489 189 3560 est,
213 3485 400 3545 contrahitur
422 3489 512 3562 atque
534 3485 687 3544 interdum
710 3484 860 3561 quandam
883 3502 1020 3559 spumam
1037 3483 1158 3552 emittit,

142 3593 218 3650 quae
235 3593 288 3650 per
302 3577 401 3633 totum
417 3593 526 3651 corpus
541 3593 571 3633 se
589 3574 779 3633 diffundendo
795 3573 944 3631 hominem
961 3572 1060 3629 dolere
1079 3571 1160 3631 facit.
