2662 3932
199 177 240 235 92
584 169 829 226 HILDEGARDIS

198 354 306 414 itinera
327 354 380 412 illa
402 355 524 413 suntin
548 354 650 429 oculis,
678 355 710 414 in
733 355 863 430 auribus,
886 355 918 414 in
941 373 999 427 ore,
1031 355 1063 414 in
1085 356 1230 433 naribus,

198 462 232 502 ac
253 443 296 501 ibi
319 443 567 508 demonstrantur.
612 442 687 503 Sum
710 445 809 504 autem
831 443 961 504 suavitas
984 445 1015 503 in
1034 445 1232 522 cogitatione

198 535 251 608 est,
273 535 346 590 tunc
369 531 448 592 oculi
470 537 501 592 et
523 551 608 592 aures
631 537 720 608 atque
743 532 862 608 loquela
888 532 1015 593 hominis
1043 534 1075 592 in
1101 534 1229 594 laetitia

198 640 228 680 se
252 622 420 682 ostendunt.
458 620 534 682 Gum
556 640 626 682 vero
657 623 825 682 amaritudo
849 622 881 682 in
902 622 957 681 illa
979 626 1037 698 est,
1071 625 1147 683 oculi
1175 625 1223 682 le-

171 725 184 768 5
198 711 303 769 crimes
315 713 345 770 et
355 711 386 768 in
397 711 443 770 ira
454 729 488 770 ao
499 711 531 770 in
543 711 669 770 tristitia
680 711 817 771 auditum
830 714 860 771 et
870 711 991 788 loquela
1006 712 1224 774 demonstrant.

198 797 284 858 Oculi
299 803 397 858 autem
414 799 543 859 bominis
558 800 596 858 ad
611 800 836 861 similitudinem
851 800 1030 859 firmamenti
1044 801 1116 860 facti
1135 806 1222 863 sunt.

263 888 309 948 De
324 887 424 950 oculis,
463 888 538 948 Nam
554 889 672 965 pupilla
687 889 766 948 oouli
781 889 1007 949 similitudinem
1027 889 1098 949 solis
1116 889 1220 968 habet,

197 980 228 1036 et
249 978 334 1054 niger
364 997 416 1038 seu
439 980 552 1054 griseus
575 978 664 1049 color,
692 979 744 1054 qui
768 978 845 1037 circa
868 979 1016 1054 pupillam
1036 983 1088 1052 est,
1110 980 1217 1038 simili·

197 1066 332 1126 tudinem
358 1067 459 1138 lunae,
486 1071 518 1126 st
545 1066 673 1125 exterior
700 1066 803 1126 albedo
831 1066 1056 1126 similitudinem
1078 1069 1219 1131 nubium.

158 1168 185 1212 10
199 1155 310 1215 Oculus
334 1159 432 1214 autem
456 1175 491 1214 ex
511 1156 580 1232 igne
603 1159 633 1214 et
655 1175 733 1232 aqua
755 1158 877 1217 mustat.
922 1156 996 1233 Igne
1018 1157 1096 1216 enim
1124 1161 1220 1218 conti·

196 1248 285 1304 netur
308 1249 338 1304 et
357 1246 526 1320 roboratur,
559 1248 596 1304 ut
617 1245 669 1317 sit;
701 1264 779 1321 aqua
806 1263 876 1304 vero
905 1246 942 1305 ad
964 1246 1062 1306 risum
1085 1246 1218 1307 ducitur.

197 1333 284 1404 Quod
313 1334 338 1392 si
365 1333 486 1410 sanguis
508 1352 597 1409 super
618 1335 738 1395 oculum
753 1333 881 1393 hominis
897 1335 1215 1410 superhabundarerit,

199 1422 318 1481 oculum
342 1422 465 1482 suffocat
495 1423 533 1481 ad
560 1423 730 1499 videndum,
765 1423 837 1500 quia
868 1442 985 1499 aquam,
1017 1443 1094 1500 quae
1119 1427 1219 1486 'oculo

197 1511 295 1570 visum
318 1510 446 1586 praebet,
475 1513 608 1588 exsiccat,
635 1513 683 1573 vel
706 1513 731 1572 si
757 1512 878 1588 sanguis
905 1511 949 1572 ibi
976 1531 1067 1590 supra
1093 1515 1220 1574 modum

158 1613 183 1656 15
197 1600 361 1660 minoratus
384 1601 483 1672 fuerit,
515 1614 600 1677 aqua,
624 1621 701 1678 quae
722 1602 754 1661 in
774 1601 860 1661 oculo
876 1602 975 1662 visum
989 1601 1218 1664 subministrare

198 1688 308 1765 debuit,
332 1691 391 1748 iam
414 1691 492 1750 vires
515 1707 582 1749 suas
602 1709 662 1749 non
682 1690 777 1766 habet,
801 1691 941 1768 quoniam
958 1692 1011 1767 qui
1026 1692 1218 1769 insanguine

197 1778 255 1855 ipsi
276 1780 354 1839 vires
377 1780 461 1839 velut
476 1780 613 1838 columna
628 1780 805 1856 subportare
821 1779 954 1851 debebat,
978 1780 1085 1843 deficit
1129 1781 1217 1842 Unde

197 1868 228 1927 in
251 1868 369 1928 senibus
393 1867 473 1928 oculi
511 1869 648 1944 caligant,
681 1869 752 1944 quia
780 1870 841 1928 iam
868 1869 900 1928 in
926 1869 997 1945 ipsis
1027 1869 1218 1931 subtrahitur

197 1961 228 2017 et
260 1977 338 2033 aqua
372 1976 441 2017 cum
471 1957 613 2034 sanguine
646 1958 678 2016 in
712 1959 752 2018 eis
775 1960 956 2019 attenuatur.
1002 1957 1060 2018 Sed
1093 1959 1215 2020 iuvenes

156 2059 184 2104 ao
197 2046 315 2107 senibus
345 2047 453 2106 clarius
484 2047 595 2122 vident,
629 2047 771 2122 quoniam
802 2065 892 2106 venae
922 2065 1026 2106 eorum
1058 2048 1155 2108 adhuc
1182 2050 1214 2108 in

198 2136 340 2212 sanguine
355 2139 387 2196 et
402 2155 480 2212 aqua
494 2138 573 2194 recte
594 2139 776 2212 temperatae
799 2141 877 2207 sunt,
901 2137 972 2213 quia
993 2137 1071 2214 ignis
1086 2140 1117 2196 et
1131 2158 1212 2215 aqua

197 2224 330 2284 nondum
355 2224 387 2282 in
418 2225 490 2300 ipsis
521 2225 650 2284 calorem
680 2229 710 2284 et
735 2225 833 2301 frigus
857 2244 948 2301 supra
974 2225 1097 2285 modum
1124 2245 1212 2287 suum

198 2313 417 2373 exsiccaverunt
439 2317 469 2372 et
492 2316 730 2376 attenuaverunt.

264 2403 426 2462 Decretis
450 2403 566 2478 priests.
611 2403 710 2464 Homo
743 2406 850 2480 autem,
883 2404 937 2480 qui
967 2404 1081 2481 griseos
1114 2405 1212 2464 oculos

68 2537 70 2540 .
158 2504 187 2550 25
201 2511 294 2568 aquas
327 2491 438 2552 similes
469 2490 566 2562 habet,
603 2510 652 2550 eos
687 2492 846 2569 praecipue
883 2493 919 2552 de
954 2511 1021 2552 aere
1049 2494 1212 2566 contrahit3

197 2582 276 2640 unde
299 2585 330 2640 et
343 2580 519 2640 infirmiores
534 2581 599 2640 aliis
621 2581 714 2640 oculis
744 2583 874 2657 (sunt>,
898 2582 969 2658 quia
984 2601 1034 2641 aer
1048 2582 1084 2640 de
1100 2582 1213 2644 diversa

198 2689 271 2729 aura
286 2669 392 2730 caloris
415 2672 446 2730 et
467 2669 588 2746 frigoris
611 2689 644 2730 ac
666 2669 854 2731 humiditatis
876 2671 994 2747 saepius
1016 2673 1162 2744 mutatur,
1184 2675 1212 2730 et

198 2759 288 2818 etiam
311 2758 389 2818 idem
412 2759 492 2819 oculi
515 2759 601 2818 facile
624 2759 661 2818 de
683 2759 761 2818 malo
784 2763 815 2819 et
837 2759 927 2820 debili
950 2763 980 2819 et
1001 2759 1124 2820 humido
1148 2780 1213 2820 aere

198 2850 228 2906 et
259 2847 295 2906 de
326 2847 435 2906 nebula
464 2847 631 2923 laeduntur,
666 2848 819 2925 quoniam,
846 2850 925 2908 sicut
953 2848 1025 2910 bueo
1051 2849 1213 2925 puritatem

156 2947 185 2995 30
197 2936 291 3012 ipsius
313 2936 388 2995 aeris
410 2936 586 3012 impediunt,
608 2937 651 2995 ita
673 2937 763 2996 etiam
786 2939 887 2998 oculos
907 2938 943 2997 de
968 2957 1033 2998 aere
1049 2941 1213 3000 contractos
1317 2999 1318 3008 ,

197 3025 328 3085 laedunt.

264 3117 311 3174 De
343 3114 436 3174 oculis
464 3116 568 3188 igneis.
615 3114 672 3174 Sed
695 3116 748 3192 qui
774 3115 877 3192 igneos
900 3117 1000 3176 oculos
1031 3115 1129 3189 habet,
1160 3117 1212 3194 qui

198 3202 308 3263 similes
331 3206 401 3262 sunt
431 3205 533 3281 nigrae
555 3204 629 3263 nubi
658 3205 743 3264 iuxta
763 3205 857 3265 solem
880 3205 961 3277 sitae,
984 3223 1033 3264 eoa
1057 3206 1094 3265 de
1118 3207 1211 3266 calido

198 3296 286 3354 vento
309 3293 403 3352 austri
425 3293 602 3354 naturaliter
625 3293 745 3370 accepit,
773 3297 804 3354 et
825 3295 982 3354 sanitatem
1003 3294 1120 3369 habent,
1144 3295 1212 3372 quia

157 3393 185 3440 35
199 3383 235 3441 de
258 3381 354 3442 calore
375 3382 454 3459 ignis
477 3386 555 3446 sunt.
600 3381 658 3442 Sed
679 3383 780 3459 pulvis
803 3401 837 3442 ac
860 3383 988 3460 quilibet
1006 3384 1102 3444 malus
1118 3383 1212 3444 foetor

1317 3163 1318 3220 l

1317 3259 1318 3304 l

1317 3353 1318 3426 l

198 3489 248 3532 eos
270 3472 369 3547 laedit,
393 3472 532 3548 quoniam
554 3472 695 3533 serenitas
721 3472 875 3549 pulverem
906 3475 936 3532 et
966 3472 1083 3549 puritas
1112 3472 1227 3550 incog·‘

197 3561 295 3619 nitum
316 3560 459 3620 foetorem
484 3561 619 3639 negligit.
