2680 3938
393 159 534 216 CAUSAE
553 159 600 214 ΕΤ
618 158 741 215 cussie
758 159 826 216 ΠΒ.
845 159 879 214 H.
1101 166 1141 225 33

120 346 227 422 laedit,
251 345 322 421 quis
343 344 488 420 quosdam
510 344 617 404 livores
640 345 672 402 in
694 361 723 404 se
746 344 847 416 habst3
870 344 1023 403 moderata
1043 347 1142 404 autem

118 435 209 494 utilis
244 437 288 494 est
321 438 351 493 et
382 437 494 494 terram
527 433 635 511 irrigat
669 436 699 493 et
733 453 796 492 eam
830 433 946 493 stactus
980 434 1143 508 producere

119 525 211 596 facit,
243 523 384 599 quoniam
411 523 509 583 suavis
538 525 635 583 estet
658 522 695 582 ad
718 523 881 582 utilitatem
904 526 935 582 et
956 523 1141 585 fertilitatem

121 632 204 690 pura
227 632 260 673 ac
283 613 393 672 munda
416 615 468 672 est.

614 773 655 836 H.

192 881 237 941 De
268 881 355 940 Adue
388 899 469 943 cusu.
525 880 605 939 Deus
641 881 684 939 ita
717 881 829 940 creavit
863 880 1026 957 hominem,
1062 882 1142 958 qnod

124 971 225 1030 omnia
249 971 386 1029 animalia
408 970 445 1028 ad
468 970 641 1031 servitutem
666 970 729 1030 eius
750 970 883 1030 subiecta
902 972 984 1042 sunt;
1007 970 1058 1029 sed
1074 989 1142 1030 oum

126 1059 218 1119 homo
242 1063 435 1135 praeceptum
458 1059 506 1118 dei
528 1063 728 1135 transgressus
752 1061 804 1134 est,
829 1061 962 1118 mutatus
985 1062 1030 1118 est
1052 1061 1142 1119 etiam

125 1151 198 1208 tam.
214 1166 338 1223 corpore
361 1168 451 1224 quam
473 1152 581 1210 mente.
616 1147 690 1207 Nam
712 1149 829 1224 puritas
851 1148 1002 1225 sanguinis
1025 1149 1089 1208 eius
1111 1149 1142 1207 in

128 1238 224 1296 alium
247 1238 371 1297 modum
399 1256 484 1298 versa
512 1241 567 1310 est,
597 1238 641 1296 ita
663 1237 744 1313 quod
766 1257 821 1313 pro
849 1239 980 1314 puritate
1007 1257 1142 1314 spumam
1156 1251 1183 1296 10

125 1327 246 1387 seminis
275 1327 353 1391 eicit.
398 1326 430 1386 si
461 1326 539 1385 enim
568 1327 657 1386 homo
689 1327 721 1385 in
749 1327 885 1403 paradiso
913 1327 1079 1403 mansisset,
1111 1328 1142 1386 in

124 1415 312 1476 immutabili
334 1418 364 1475 et
386 1416 517 1492 perfecto
542 1418 624 1475 statu
646 1416 833 1491 perstitisset.
873 1414 930 1475 Sed
952 1415 1022 1475 haec
1045 1417 1142 1476 omnia

122 1509 196 1582 post
206 1505 471 1582 transgressionem
482 1506 513 1564 in
524 1505 616 1564 alium
629 1509 660 1564 et
675 1525 810 1564 amarum
825 1505 948 1564 modum
963 1524 1048 1564 versa
1063 1509 1141 1567 sunt.

195 1595 241 1654 De
275 1598 429 1668 spermate.
484 1592 561 1653 Nam
594 1595 714 1671 sangnis
747 1594 874 1654 hominis
907 1595 939 1652 in
973 1595 1078 1654 ardore
1112 1597 1142 1654 et

125 1683 222 1743 calore
255 1683 387 1744 libidinis
420 1684 536 1745 fervens
567 1702 703 1760 spumam
734 1683 771 1742 de
801 1701 832 1743 se
862 1682 942 1758 eicit,
974 1684 1055 1759 quod
1085 1703 1139 1744 nos
1154 1695 1181 1740 15

122 1791 224 1833 semen
247 1773 380 1849 dicimus
403 1774 487 1833 velut
510 1773 569 1832 olla
592 1773 692 1848 aliqua
712 1771 749 1830 ad
768 1774 868 1849 ignem
889 1773 988 1848 posita
1003 1791 1140 1848 spumam

123 1862 161 1921 de
184 1863 301 1922 fervore
324 1863 401 1940 ignis
424 1862 460 1922 de
484 1881 561 1939 aqua
583 1863 702 1926 emittit.

193 1952 239 2011 De
261 1957 408 2025 conceptu.
445 1951 485 2010 nt
507 1970 576 2011 oum
598 1951 706 2026 aliquis
728 1951 817 2010 homo
841 1950 876 2010 de
899 1949 1009 2010 semine
1030 1951 1141 2010 infirmi

124 2040 254 2100 hominis
277 2041 444 2118 concipitur
465 2042 513 2100 vel
536 2041 572 2100 de
595 2041 704 2100 semine
727 2040 793 2115 illo,
826 2040 904 2116 quod
933 2043 1021 2098 tenue
1044 2046 1075 2098 et
1096 2041 1139 2099 in·

123 2131 242 2189 coctum
265 2133 324 2202 est,
347 2130 398 2189 sed
421 2129 522 2205 aliqua
544 2129 611 2189 tabe
634 2133 664 2189 et
687 2128 844 2205 putredine
866 2129 1059 2204 permixtum:
1092 2128 1181 2189 hiero

123 2219 292 2293 saepissime
321 2219 352 2278 in
380 2219 443 2279 vita
465 2237 524 2278 sua
551 2219 641 2278 etiam
667 2219 804 2278 infirmus
827 2219 884 2278 erit
906 2223 937 2278 et
958 2218 1043 2278 velut
1064 2219 1140 2278 carie

125 2308 247 2384 plenus,
270 2308 355 2368 velut
377 2308 499 2383 aliquod
522 2308 650 2384 lignum,
678 2308 759 2383 quod
782 2307 932 2368 vermibus
954 2309 1141 2383 perforatum

126 2397 234 2456 cariem
258 2398 338 2460 eicit.
368 2396 454 2456 Unde
476 2397 531 2456 iste
553 2397 642 2457 homo
665 2397 815 2457 ulceribus
838 2400 868 2456 et
882 2396 1038 2473 putredine
1054 2416 1141 2472 saepe

126 2487 260 2562 repletur
290 2505 325 2546 ao
354 2486 471 2545 facilius
502 2487 602 2546 tabem
636 2488 666 2546 ct
699 2487 887 2562 putredinem
922 2504 1054 2546 escarum
1084 2485 1140 2545 sibi

126 2574 252 2635 attrahit
283 2576 320 2635 ad
350 2573 540 2651 putredinem
571 2575 667 2651 illam,
697 2595 788 2650 qnam
819 2575 917 2640 habet.
961 2575 1019 2634 Sed
1041 2574 1138 2650 homo,
1153 2584 1181 2630 25

125 2664 247 2739 quibis
271 2669 359 2741 caret,
382 2665 479 2724 sanior
502 2668 554 2725 est.
589 2663 620 2724 Si
643 2668 744 2724 autem
766 2665 956 2741 superfluitas
979 2665 1010 2722 in
1030 2664 1140 2723 semine

127 2757 184 2826 est,
217 2756 291 2813 tunc
312 2754 401 2815 homo
424 2754 488 2830 ille,
518 2754 572 2829 qni
595 2773 629 2814 ex
651 2752 708 2813 hoo
735 2754 915 2830 concipitur,
947 2753 1138 2830 incontinens,

123 2842 333 2902 immoderatus
356 2848 386 2902 et
408 2842 523 2920 fragilis
547 2861 580 2904 ac
603 2843 772 2920 superfluus
796 2844 860 2904 erit.

191 2932 290 3005 Quare
311 2933 395 2992 bomo
417 2933 554 2993 hirsutus
575 2949 638 2992 noo
661 2936 711 2995 est.
757 2931 843 3002 Quod
875 2936 974 2992 cutm
1002 2932 1137 2992 hirsutus
1211 2997 1214 3006 Δ

124 3039 181 3081 non
204 3024 257 3094 est,
284 3020 340 3081 hoc
362 3020 398 3080 de
420 3022 622 3082 rationalitate
646 3024 698 3097 est,
729 3023 800 3099 qnia
821 3022 1006 3081 rationalitas
1030 3026 1060 3082 et
1082 3040 1136 3097 pro
1151 3032 1180 3077 eo

124 3109 192 3185 pilis
216 3114 246 3169 et
268 3129 323 3186 pro
346 3111 451 3187 pennis
474 3114 531 3182 est,
560 3130 613 3187 per
636 3129 727 3186 quam
749 3130 780 3170 se
802 3111 879 3189 tegit
902 3113 933 3169 et
953 3111 1048 3187 volat,
1077 3129 1137 3186 quo

124 3200 261 3264 voluerit.
313 3198 372 3259 Sed
405 3198 486 3274 qnod
520 3200 669 3260 masculus
702 3199 824 3259 barbam
853 3199 943 3259 habet
977 3203 1008 3259 et
1039 3201 1140 3276 plures

124 3288 215 3348 onnes
236 3289 269 3347 in
292 3306 415 3364 corpore
442 3307 496 3348 suo
524 3308 615 3364 qnam
647 3288 770 3362 mulier,
797 3288 853 3348 hoc
885 3292 929 3348 est
958 3288 1038 3364 idco,
1069 3290 1140 3364 quia

123 3378 271 3438 masculus
299 3378 334 3437 de
358 3381 438 3436 terre
461 3377 608 3438 formatus
632 3381 729 3438 estet
752 3379 833 3454 quod
855 3378 997 3437 maiorem
1018 3378 1138 3438 fortitu·

124 3465 221 3526 dinem
253 3471 284 3527 et
314 3467 441 3526 calorem
472 3466 561 3527 habet
592 3471 622 3526 et
651 3467 721 3542 plus
747 3467 861 3543 ubique
883 3469 1019 3526 versatur
1049 3485 1138 3541 quam
1151 3476 1179 3522 35

125 3557 245 3630 mulier3
268 3555 519 3632 quemadmodum
541 3559 622 3615 terra
644 3555 740 3615 imbre
763 3558 793 3614 et
815 3555 912 3614 calore
934 3556 1003 3614 solis
1019 3555 1139 3632 perfusa

174 3664 330 3720 Hildegardis
344 3666 472 3711 causaest
486 3675 558 3710 cume
572 3665 609 3710 ed.
624 3663 741 3709 Kaisar.
995 3655 1012 3710 3
