<?xml version="1.0" encoding="UTF-8"?>
<!DOCTYPE html PUBLIC "-//W3C//DTD XHTML 1.0 Transitional//EN"
    "http://www.w3.org/TR/xhtml1/DTD/xhtml1-transitional.dtd">
<html xmlns="http://www.w3.org/1999/xhtml" xml:lang="en" lang="en">
 <head>
  <title>
</title>
<meta http-equiv="Content-Type" content="text/html;charset=utf-8" />
  <meta name='ocr-system' content='tesseract 3.04.00' />
  <meta name='ocr-capabilities' content='ocr_page ocr_carea ocr_par ocr_line ocrx_word'/>
</head>
<body>
  <div class='ocr_page' id='page_1' title='image "./hildegardiscaus00hildgoog_0077.png"; bbox 0 0 2680 3938; ppageno 0'>
   <div class='ocr_carea' id='block_1_1' title="bbox 209 187 841 258">
    <p class='ocr_par' dir='ltr' id='par_1_1' title="bbox 209 187 841 258">
     <span class='ocr_line' id='line_1_1' title="bbox 209 187 841 258; baseline 0.009 -18"><span class='ocrx_word' id='word_1_1' title='bbox 209 199 250 258; x_wconf 68' lang='grc'>66</span> <span class='ocrx_word' id='word_1_2' title='bbox 595 187 841 246; x_wconf 81' lang='lat' dir='ltr'>nnnnennms</span> 
     </span>
    </p>
   </div>
   <div class='ocr_carea' id='block_1_2' title="bbox 180 373 1240 902">
    <p class='ocr_par' dir='ltr' id='par_1_2' title="bbox 180 373 1240 902">
     <span class='ocr_line' id='line_1_2' title="bbox 207 373 1239 450; baseline -0.004 -13"><span class='ocrx_word' id='word_1_3' title='bbox 207 381 287 438; x_wconf 89' lang='lat' dir='ltr'>recte</span> <span class='ocrx_word' id='word_1_4' title='bbox 309 378 341 436; x_wconf 89' lang='lat' dir='ltr'>in</span> <span class='ocrx_word' id='word_1_5' title='bbox 363 377 462 436; x_wconf 86' lang='lat' dir='ltr'>locum</span> <span class='ocrx_word' id='word_1_6' title='bbox 485 393 574 434; x_wconf 85' lang='lat' dir='ltr'>suum</span> <span class='ocrx_word' id='word_1_7' title='bbox 597 374 745 447; x_wconf 84' lang='lat' dir='ltr'>ceciderit,</span> <span class='ocrx_word' id='word_1_8' title='bbox 767 374 811 432; x_wconf 87' lang='lat' dir='ltr'>ite</span> <span class='ocrx_word' id='word_1_9' title='bbox 834 373 915 450; x_wconf 90' lang='lat' dir='ltr'>quod</span> <span class='ocrx_word' id='word_1_10' title='bbox 937 373 1027 433; x_wconf 84' lang='lat' dir='ltr'>etiam</span> <span class='ocrx_word' id='word_1_11' title='bbox 1046 375 1078 433; x_wconf 92' lang='lat' dir='ltr'>in</span> <span class='ocrx_word' id='word_1_12' title='bbox 1093 374 1239 434; x_wconf 81' lang='lat' dir='ltr'>formam</span> 
     </span>
     <span class='ocr_line' id='line_1_3' title="bbox 207 462 1235 544; baseline -0.002 -18"><span class='ocrx_word' id='word_1_13' title='bbox 207 467 335 527; x_wconf 86' lang='lat' dir='ltr'>hominis</span> <span class='ocrx_word' id='word_1_14' title='bbox 358 465 482 544; x_wconf 74' lang='lat' dir='ltr'>figurari</span> <span class='ocrx_word' id='word_1_15' title='bbox 505 464 604 540; x_wconf 85' lang='lat' dir='ltr'>debet,</span> <span class='ocrx_word' id='word_1_16' title='bbox 627 467 701 524; x_wconf 88' lang='lat' dir='ltr'>tunc</span> <span class='ocrx_word' id='word_1_17' title='bbox 723 463 814 522; x_wconf 87' lang='lat' dir='ltr'>etiem</span> <span class='ocrx_word' id='word_1_18' title='bbox 841 462 877 522; x_wconf 88' lang='lat' dir='ltr'>de</span> <span class='ocrx_word' id='word_1_19' title='bbox 899 466 1050 523; x_wconf 88' lang='lat' dir='ltr'>menstruo</span> <span class='ocrx_word' id='word_1_20' title='bbox 1074 464 1235 540; x_wconf 73' lang='lat' dir='ltr'>sunguine</span> 
     </span>
     <span class='ocr_line' id='line_1_4' title="bbox 207 551 1235 632; baseline -0.002 -18"><span class='ocrx_word' id='word_1_21' title='bbox 207 555 342 615; x_wconf 86' lang='lat' dir='ltr'>mulieris</span> <span class='ocrx_word' id='word_1_22' title='bbox 364 554 505 632; x_wconf 78' lang='lat' dir='ltr'>pelliculo</span> <span class='ocrx_word' id='word_1_23' title='bbox 526 553 612 614; x_wconf 88' lang='lat' dir='ltr'>velut</span> <span class='ocrx_word' id='word_1_24' title='bbox 642 553 798 612; x_wconf 76' lang='lat' dir='ltr'><strong>vasculum</strong></span> <span class='ocrx_word' id='word_1_25' title='bbox 828 553 905 612; x_wconf 83' lang='lat' dir='ltr'>circe</span> <span class='ocrx_word' id='word_1_26' title='bbox 936 551 1058 612; x_wconf 86' lang='lat' dir='ltr'>ecndem</span> <span class='ocrx_word' id='word_1_27' title='bbox 1090 553 1235 612; x_wconf 83' lang='lat' dir='ltr'>formem</span> 
     </span>
     <span class='ocr_line' id='line_1_5' title="bbox 209 641 1240 722; baseline -0.002 -18"><span class='ocrx_word' id='word_1_28' title='bbox 209 645 321 718; x_wconf 86' lang='lat' dir='ltr'>crescit,</span> <span class='ocrx_word' id='word_1_29' title='bbox 345 661 421 722; x_wconf 85' lang='lat' dir='ltr'>ques</span> <span class='ocrx_word' id='word_1_30' title='bbox 443 644 538 720; x_wconf 80' lang='lat' dir='ltr'>ipsein</span> <span class='ocrx_word' id='word_1_31' title='bbox 561 641 784 718; x_wconf 86' lang='lat' dir='ltr'>comprehendit</span> <span class='ocrx_word' id='word_1_32' title='bbox 805 644 835 700; x_wconf 92' lang='lat' dir='ltr'>et</span> <span class='ocrx_word' id='word_1_33' title='bbox 857 642 1030 718; x_wconf 80' lang='lat' dir='ltr'>circumdet,</span> <span class='ocrx_word' id='word_1_34' title='bbox 1057 661 1093 701; x_wconf 90' lang='lat' dir='ltr'>ne</span> <span class='ocrx_word' id='word_1_35' title='bbox 1116 641 1172 701; x_wconf 83' lang='lat' dir='ltr'>hec</span> <span class='ocrx_word' id='word_1_36' title='bbox 1195 647 1240 702; x_wconf 82' lang='lat' dir='ltr'>et</span> 
     </span>
     <span class='ocr_line' id='line_1_6' title="bbox 180 731 1237 808; baseline -0.001 -15"><span class='ocrx_word' id='word_1_37' title='bbox 180 735 278 793; x_wconf 76' lang='lat' dir='ltr'>tilleo</span> <span class='ocrx_word' id='word_1_38' title='bbox 299 736 455 794; x_wconf 82' lang='lat' dir='ltr'>moveatur</span> <span class='ocrx_word' id='word_1_39' title='bbox 478 736 531 792; x_wconf 82' lang='lat' dir='ltr'>eut</span> <span class='ocrx_word' id='word_1_40' title='bbox 553 732 647 806; x_wconf 83' lang='lat' dir='ltr'>cedet,</span> <span class='ocrx_word' id='word_1_41' title='bbox 671 731 743 807; x_wconf 87' lang='lat' dir='ltr'>quie</span> <span class='ocrx_word' id='word_1_42' title='bbox 764 731 816 789; x_wconf 93' lang='lat' dir='ltr'>ille</span> <span class='ocrx_word' id='word_1_43' title='bbox 839 731 1014 808; x_wconf 77' lang='lat' dir='ltr'>coagulatus</span> <span class='ocrx_word' id='word_1_44' title='bbox 1037 732 1159 808; x_wconf 74' lang='lat' dir='ltr'>sanguis</span> <span class='ocrx_word' id='word_1_45' title='bbox 1181 732 1237 792; x_wconf 87' lang='lat' dir='ltr'>ibi</span> 
     </span>
     <span class='ocr_line' id='line_1_7' title="bbox 208 820 1232 902; baseline -0.003 -19"><span class='ocrx_word' id='word_1_46' title='bbox 208 826 418 902; x_wconf 80' lang='lat' dir='ltr'>congregetur,</span> <span class='ocrx_word' id='word_1_47' title='bbox 446 822 489 880; x_wconf 87' lang='lat' dir='ltr'>ite</span> <span class='ocrx_word' id='word_1_48' title='bbox 521 820 603 898; x_wconf 90' lang='lat' dir='ltr'>quod</span> <span class='ocrx_word' id='word_1_49' title='bbox 631 821 733 879; x_wconf 84' lang='lat' dir='ltr'>eedem</span> <span class='ocrx_word' id='word_1_50' title='bbox 755 820 851 879; x_wconf 79' lang='lat' dir='ltr'>forme</span> <span class='ocrx_word' id='word_1_51' title='bbox 872 820 905 879; x_wconf 91' lang='lat' dir='ltr'>in</span> <span class='ocrx_word' id='word_1_52' title='bbox 925 820 1025 879; x_wconf 90' lang='lat' dir='ltr'>medio</span> <span class='ocrx_word' id='word_1_53' title='bbox 1048 821 1113 879; x_wconf 88' lang='lat' dir='ltr'>eius</span> <span class='ocrx_word' id='word_1_54' title='bbox 1135 821 1232 898; x_wconf 77' lang='lat' dir='ltr'>iacet,</span> 
     </span>
    </p>
   </div>
   <div class='ocr_carea' id='block_1_3' title="bbox 208 909 1326 986">
    <p class='ocr_par' dir='ltr' id='par_1_3' title="bbox 208 909 1326 986">
     <span class='ocr_line' id='line_1_8' title="bbox 208 909 1326 986; baseline -0.002 -14"><span class='ocrx_word' id='word_1_55' title='bbox 208 916 245 972; x_wconf 89' lang='lat' dir='ltr'>ut</span> <span class='ocrx_word' id='word_1_56' title='bbox 270 912 359 972; x_wconf 91' lang='lat' dir='ltr'>homo</span> <span class='ocrx_word' id='word_1_57' title='bbox 386 913 418 971; x_wconf 94' lang='lat' dir='ltr'>in</span> <span class='ocrx_word' id='word_1_58' title='bbox 444 910 615 970; x_wconf 77' lang='lat' dir='ltr'>habitaculo</span> <span class='ocrx_word' id='word_1_59' title='bbox 643 909 749 968; x_wconf 86' lang='lat' dir='ltr'>domus</span> <span class='ocrx_word' id='word_1_60' title='bbox 769 918 851 973; x_wconf 81' lang='lat' dir='ltr'>suae.</span> <span class='ocrx_word' id='word_1_61' title='bbox 896 909 997 986; x_wconf 86' lang='lat' dir='ltr'>Atque</span> <span class='ocrx_word' id='word_1_62' title='bbox 1020 910 1052 968; x_wconf 92' lang='lat' dir='ltr'>in</span> <span class='ocrx_word' id='word_1_63' title='bbox 1074 927 1109 969; x_wconf 92' lang='lat' dir='ltr'>eo</span> <span class='ocrx_word' id='word_1_64' title='bbox 1132 909 1232 971; x_wconf 79' lang='lat' dir='ltr'>hebet</span> <span class='ocrx_word' id='word_1_65' title='bbox 1325 971 1326 978; x_wconf 64' lang='grc'>,</span> 
     </span>
    </p>
   </div>
   <div class='ocr_carea' id='block_1_4' title="bbox 167 998 1232 2682">
    <p class='ocr_par' dir='ltr' id='par_1_4' title="bbox 207 998 1232 1165">
     <span class='ocr_line' id='line_1_9' title="bbox 208 998 1232 1077; baseline -0.003 -15"><span class='ocrx_word' id='word_1_66' title='bbox 208 1002 348 1074; x_wconf 79' lang='lat' dir='ltr'>colorem,</span> <span class='ocrx_word' id='word_1_67' title='bbox 377 1004 408 1061; x_wconf 91' lang='lat' dir='ltr'>et</span> <span class='ocrx_word' id='word_1_68' title='bbox 430 999 614 1059; x_wconf 80' lang='lat' dir='ltr'>adiutorium</span> <span class='ocrx_word' id='word_1_69' title='bbox 636 999 669 1057; x_wconf 87' lang='lat' dir='ltr'>in</span> <span class='ocrx_word' id='word_1_70' title='bbox 692 1017 726 1057; x_wconf 93' lang='lat' dir='ltr'>eo</span> <span class='ocrx_word' id='word_1_71' title='bbox 749 999 886 1057; x_wconf 88' lang='lat' dir='ltr'>nutritur</span> <span class='ocrx_word' id='word_1_72' title='bbox 907 998 943 1057; x_wconf 92' lang='lat' dir='ltr'>de</span> <span class='ocrx_word' id='word_1_73' title='bbox 965 998 1054 1077; x_wconf 80' lang='lat' dir='ltr'>nigro</span> <span class='ocrx_word' id='word_1_74' title='bbox 1078 1001 1232 1076; x_wconf 80' lang='lat' dir='ltr'>sanguine</span> 
     </span>
     <span class='ocr_line' id='line_1_10' title="bbox 207 1087 797 1165; baseline -0.003 -15"><span class='ocrx_word' id='word_1_75' title='bbox 207 1092 311 1152; x_wconf 86' lang='lat' dir='ltr'>iecoris</span> <span class='ocrx_word' id='word_1_76' title='bbox 334 1090 467 1150; x_wconf 88' lang='lat' dir='ltr'>mulieris</span> <span class='ocrx_word' id='word_1_77' title='bbox 490 1107 586 1165; x_wconf 87' lang='lat' dir='ltr'>usque</span> <span class='ocrx_word' id='word_1_78' title='bbox 608 1087 646 1147; x_wconf 81' lang='lat' dir='ltr'>ed</span> <span class='ocrx_word' id='word_1_79' title='bbox 667 1091 797 1164; x_wconf 78' lang='lat' dir='ltr'>pentum</span> 
     </span>
    </p>

    <p class='ocr_par' dir='ltr' id='par_1_5' title="bbox 167 1176 1229 1612">
     <span class='ocr_line' id='line_1_11' title="bbox 167 1176 1227 1242; baseline 0.001 -6"><span class='ocrx_word' id='word_1_80' title='bbox 167 1191 196 1237; x_wconf 77' lang='lat' dir='ltr'>so</span> <span class='ocrx_word' id='word_1_81' title='bbox 274 1181 320 1241; x_wconf 83' lang='lat' dir='ltr'>De</span> <span class='ocrx_word' id='word_1_82' title='bbox 346 1178 587 1242; x_wconf 77' lang='lat' dir='ltr'>rationabilitate.</span> <span class='ocrx_word' id='word_1_83' title='bbox 631 1177 672 1236; x_wconf 78' lang='lat' dir='ltr'>Et</span> <span class='ocrx_word' id='word_1_84' title='bbox 701 1177 798 1235; x_wconf 79' lang='lat' dir='ltr'>infans</span> <span class='ocrx_word' id='word_1_85' title='bbox 829 1181 891 1235; x_wconf 85' lang='lat' dir='ltr'>tem</span> <span class='ocrx_word' id='word_1_86' title='bbox 923 1176 976 1236; x_wconf 92' lang='lat' dir='ltr'>diu</span> <span class='ocrx_word' id='word_1_87' title='bbox 1005 1177 1037 1235; x_wconf 92' lang='lat' dir='ltr'>in</span> <span class='ocrx_word' id='word_1_88' title='bbox 1068 1195 1137 1237; x_wconf 81' lang='lat' dir='ltr'>vase</span> <span class='ocrx_word' id='word_1_89' title='bbox 1169 1178 1227 1238; x_wconf 88' lang='lat' dir='ltr'>illo</span> 
     </span>
     <span class='ocr_line' id='line_1_12' title="bbox 208 1265 1228 1348; baseline -0.003 -19"><span class='ocrx_word' id='word_1_90' title='bbox 208 1271 326 1330; x_wconf 78' lang='lat' dir='ltr'>clausus</span> <span class='ocrx_word' id='word_1_91' title='bbox 349 1269 437 1342; x_wconf 77' lang='lat' dir='ltr'>iacet,</span> <span class='ocrx_word' id='word_1_92' title='bbox 465 1285 562 1344; x_wconf 86' lang='lat' dir='ltr'>usque</span> <span class='ocrx_word' id='word_1_93' title='bbox 589 1266 662 1348; x_wconf 83' lang='lat' dir='ltr'>dum</span> <span class='ocrx_word' id='word_1_94' title='bbox 684 1265 871 1325; x_wconf 74' lang='lat' dir='ltr'>rationalitas</span> <span class='ocrx_word' id='word_1_95' title='bbox 893 1266 925 1324; x_wconf 92' lang='lat' dir='ltr'>in</span> <span class='ocrx_word' id='word_1_96' title='bbox 947 1285 981 1325; x_wconf 93' lang='lat' dir='ltr'>eo</span> <span class='ocrx_word' id='word_1_97' title='bbox 1003 1265 1228 1342; x_wconf 74' lang='lat' dir='ltr'>plenitudinem</span> 
     </span>
     <span class='ocr_line' id='line_1_13' title="bbox 208 1354 1229 1432; baseline -0.001 -15"><span class='ocrx_word' id='word_1_98' title='bbox 208 1378 292 1418; x_wconf 88' lang='lat' dir='ltr'>suem</span> <span class='ocrx_word' id='word_1_99' title='bbox 329 1356 438 1416; x_wconf 81' lang='lat' dir='ltr'>hebens</span> <span class='ocrx_word' id='word_1_100' title='bbox 467 1375 621 1432; x_wconf 81' lang='lat' dir='ltr'>erumpere</span> <span class='ocrx_word' id='word_1_101' title='bbox 648 1356 725 1418; x_wconf 87' lang='lat' dir='ltr'>vult.</span> <span class='ocrx_word' id='word_1_102' title='bbox 769 1354 877 1432; x_wconf 86' lang='lat' dir='ltr'>Iteque</span> <span class='ocrx_word' id='word_1_103' title='bbox 904 1355 1032 1432; x_wconf 84' lang='lat' dir='ltr'>emplius</span> <span class='ocrx_word' id='word_1_104' title='bbox 1063 1355 1163 1414; x_wconf 79' lang='lat' dir='ltr'>claudi</span> <span class='ocrx_word' id='word_1_105' title='bbox 1195 1361 1229 1416; x_wconf 86' lang='lat' dir='ltr'>et</span> 
     </span>
     <span class='ocr_line' id='line_1_14' title="bbox 207 1444 1228 1523; baseline -0.002 -16"><span class='ocrx_word' id='word_1_106' title='bbox 207 1449 294 1507; x_wconf 90' lang='lat' dir='ltr'>silere</span> <span class='ocrx_word' id='word_1_107' title='bbox 315 1466 376 1507; x_wconf 93' lang='lat' dir='ltr'>non</span> <span class='ocrx_word' id='word_1_108' title='bbox 399 1449 498 1523; x_wconf 86' lang='lat' dir='ltr'>potest</span> <span class='ocrx_word' id='word_1_109' title='bbox 519 1464 572 1505; x_wconf 87' lang='lat' dir='ltr'>nec</span> <span class='ocrx_word' id='word_1_110' title='bbox 594 1445 695 1517; x_wconf 86' lang='lat' dir='ltr'>debet,</span> <span class='ocrx_word' id='word_1_111' title='bbox 724 1444 796 1521; x_wconf 84' lang='lat' dir='ltr'>quin</span> <span class='ocrx_word' id='word_1_112' title='bbox 817 1444 914 1503; x_wconf 76' lang='lat' dir='ltr'>iniens</span> <span class='ocrx_word' id='word_1_113' title='bbox 935 1444 968 1503; x_wconf 91' lang='lat' dir='ltr'>in</span> <span class='ocrx_word' id='word_1_114' title='bbox 989 1447 1093 1504; x_wconf 87' lang='lat' dir='ltr'>ventre</span> <span class='ocrx_word' id='word_1_115' title='bbox 1115 1447 1228 1505; x_wconf 86' lang='lat' dir='ltr'>metris</span> 
     </span>
     <span class='ocr_line' id='line_1_15' title="bbox 208 1537 548 1612; baseline 0.009 -17"><span class='ocrx_word' id='word_1_116' title='bbox 208 1537 335 1596; x_wconf 78' lang='lat' dir='ltr'>clamere</span> <span class='ocrx_word' id='word_1_117' title='bbox 358 1554 417 1595; x_wconf 93' lang='lat' dir='ltr'>non</span> <span class='ocrx_word' id='word_1_118' title='bbox 438 1539 548 1612; x_wconf 86' lang='lat' dir='ltr'>potest.</span> 
     </span>
    </p>

    <p class='ocr_par' dir='ltr' id='par_1_6' title="bbox 167 1622 1231 2062">
     <span class='ocr_line' id='line_1_16' title="bbox 167 1622 1231 1701; baseline -0.002 -17"><span class='ocrx_word' id='word_1_119' title='bbox 167 1637 195 1686; x_wconf 82' lang='lat'>15</span> <span class='ocrx_word' id='word_1_120' title='bbox 276 1626 321 1687; x_wconf 87' lang='lat' dir='ltr'>De</span> <span class='ocrx_word' id='word_1_121' title='bbox 339 1630 443 1701; x_wconf 72' lang='lat' dir='ltr'>pastu.</span> <span class='ocrx_word' id='word_1_122' title='bbox 490 1623 548 1684; x_wconf 82' lang='lat' dir='ltr'>Sed</span> <span class='ocrx_word' id='word_1_123' title='bbox 570 1643 639 1684; x_wconf 90' lang='lat' dir='ltr'>cum</span> <span class='ocrx_word' id='word_1_124' title='bbox 660 1624 722 1682; x_wconf 82' lang='lat' dir='ltr'>iem</span> <span class='ocrx_word' id='word_1_125' title='bbox 743 1625 848 1700; x_wconf 85' lang='lat' dir='ltr'>pertus</span> <span class='ocrx_word' id='word_1_126' title='bbox 870 1623 969 1693; x_wconf 83' lang='lat' dir='ltr'>instat,</span> <span class='ocrx_word' id='word_1_127' title='bbox 998 1641 1057 1694; x_wconf 86' lang='lat' dir='ltr'>ves,</span> <span class='ocrx_word' id='word_1_128' title='bbox 1088 1623 1120 1680; x_wconf 92' lang='lat' dir='ltr'>in</span> <span class='ocrx_word' id='word_1_129' title='bbox 1144 1622 1231 1700; x_wconf 90' lang='lat' dir='ltr'>quod</span> 
     </span>
     <span class='ocr_line' id='line_1_17' title="bbox 208 1711 1230 1788; baseline -0.004 -14"><span class='ocrx_word' id='word_1_130' title='bbox 208 1716 306 1775; x_wconf 79' lang='lat' dir='ltr'>infans</span> <span class='ocrx_word' id='word_1_131' title='bbox 329 1716 446 1776; x_wconf 80' lang='lat' dir='ltr'>clausus</span> <span class='ocrx_word' id='word_1_132' title='bbox 463 1717 515 1787; x_wconf 89' lang='lat' dir='ltr'>est,</span> <span class='ocrx_word' id='word_1_133' title='bbox 539 1713 693 1784; x_wconf 85' lang='lat' dir='ltr'>scinditur,</span> <span class='ocrx_word' id='word_1_134' title='bbox 717 1715 748 1771; x_wconf 89' lang='lat' dir='ltr'>et</span> <span class='ocrx_word' id='word_1_135' title='bbox 761 1713 807 1772; x_wconf 85' lang='lat' dir='ltr'>vis</span> <span class='ocrx_word' id='word_1_136' title='bbox 822 1711 1014 1788; x_wconf 73' lang='lat' dir='ltr'>aeternitatis,</span> <span class='ocrx_word' id='word_1_137' title='bbox 1038 1730 1114 1788; x_wconf 86' lang='lat' dir='ltr'>quee</span> <span class='ocrx_word' id='word_1_138' title='bbox 1129 1711 1230 1771; x_wconf 76' lang='lat' dir='ltr'>Evam</span> 
     </span>
     <span class='ocr_line' id='line_1_18' title="bbox 208 1801 1229 1880; baseline -0.005 -15"><span class='ocrx_word' id='word_1_139' title='bbox 208 1805 359 1866; x_wconf 83' lang='lat' dir='ltr'>delatore</span> <span class='ocrx_word' id='word_1_140' title='bbox 383 1805 466 1864; x_wconf 82' lang='lat' dir='ltr'>Adae</span> <span class='ocrx_word' id='word_1_141' title='bbox 495 1803 608 1880; x_wconf 88' lang='lat' dir='ltr'>educit,</span> <span class='ocrx_word' id='word_1_142' title='bbox 648 1820 717 1861; x_wconf 86' lang='lat' dir='ltr'>mox</span> <span class='ocrx_word' id='word_1_143' title='bbox 744 1802 864 1861; x_wconf 83' lang='lat' dir='ltr'>veniens</span> <span class='ocrx_word' id='word_1_144' title='bbox 895 1801 979 1860; x_wconf 74' lang='lat' dir='ltr'>adest</span> <span class='ocrx_word' id='word_1_145' title='bbox 1005 1803 1096 1876; x_wconf 84' lang='lat' dir='ltr'>etque</span> <span class='ocrx_word' id='word_1_146' title='bbox 1123 1819 1229 1860; x_wconf 88' lang='lat' dir='ltr'>omnes</span> 
     </span>
     <span class='ocr_line' id='line_1_19' title="bbox 209 1889 1230 1973; baseline -0.007 -18"><span class='ocrx_word' id='word_1_147' title='bbox 209 1896 334 1973; x_wconf 79' lang='lat' dir='ltr'>ungulos</span> <span class='ocrx_word' id='word_1_148' title='bbox 348 1893 512 1954; x_wconf 73' lang='lat' dir='ltr'>habitaculi</span> <span class='ocrx_word' id='word_1_149' title='bbox 528 1892 660 1969; x_wconf 88' lang='lat' dir='ltr'>corporis</span> <span class='ocrx_word' id='word_1_150' title='bbox 675 1890 810 1949; x_wconf 86' lang='lat' dir='ltr'>mulieris</span> <span class='ocrx_word' id='word_1_151' title='bbox 825 1889 860 1949; x_wconf 92' lang='lat' dir='ltr'>de</span> <span class='ocrx_word' id='word_1_152' title='bbox 875 1890 948 1949; x_wconf 85' lang='lat' dir='ltr'>locis</span> <span class='ocrx_word' id='word_1_153' title='bbox 963 1890 1025 1948; x_wconf 88' lang='lat' dir='ltr'>suis</span> <span class='ocrx_word' id='word_1_154' title='bbox 1040 1889 1157 1952; x_wconf 84' lang='lat' dir='ltr'>evertit.</span> <span class='ocrx_word' id='word_1_155' title='bbox 1184 1890 1230 1949; x_wconf 75' lang='lat' dir='ltr'>ut</span> 
     </span>
     <span class='ocr_line' id='line_1_20' title="bbox 209 1977 1229 2062; baseline -0.007 -17"><span class='ocrx_word' id='word_1_156' title='bbox 209 2004 308 2045; x_wconf 87' lang='lat' dir='ltr'>omncs</span> <span class='ocrx_word' id='word_1_157' title='bbox 320 1984 509 2062; x_wconf 83' lang='lat' dir='ltr'>compagines</span> <span class='ocrx_word' id='word_1_158' title='bbox 521 1980 653 2058; x_wconf 86' lang='lat' dir='ltr'>corporis</span> <span class='ocrx_word' id='word_1_159' title='bbox 664 1979 799 2038; x_wconf 86' lang='lat' dir='ltr'>mulieris</span> <span class='ocrx_word' id='word_1_160' title='bbox 811 1979 984 2039; x_wconf 86' lang='lat' dir='ltr'>fortitudini</span> <span class='ocrx_word' id='word_1_161' title='bbox 999 1977 1045 2036; x_wconf 92' lang='lat' dir='ltr'>illi</span> <span class='ocrx_word' id='word_1_162' title='bbox 1061 1983 1229 2038; x_wconf 83' lang='lat' dir='ltr'>occurrunt</span> 
     </span>
    </p>

    <p class='ocr_par' dir='ltr' id='par_1_7' title="bbox 167 2068 1228 2490">
     <span class='ocr_line' id='line_1_21' title="bbox 167 2068 1226 2150; baseline -0.007 -17"><span class='ocrx_word' id='word_1_163' title='bbox 167 2083 196 2132; x_wconf 74' lang='lat' dir='ltr'>tt)</span> <span class='ocrx_word' id='word_1_164' title='bbox 209 2078 240 2134; x_wconf 92' lang='lat' dir='ltr'>et</span> <span class='ocrx_word' id='word_1_165' title='bbox 262 2093 327 2134; x_wconf 78' lang='lat' dir='ltr'>eum</span> <span class='ocrx_word' id='word_1_166' title='bbox 349 2073 517 2150; x_wconf 88' lang='lat' dir='ltr'>suscipiunt</span> <span class='ocrx_word' id='word_1_167' title='bbox 539 2091 573 2131; x_wconf 86' lang='lat' dir='ltr'>cc</span> <span class='ocrx_word' id='word_1_168' title='bbox 597 2089 628 2129; x_wconf 89' lang='lat' dir='ltr'>se</span> <span class='ocrx_word' id='word_1_169' title='bbox 651 2069 797 2145; x_wconf 78' lang='lat' dir='ltr'>operiunt.</span> <span class='ocrx_word' id='word_1_170' title='bbox 832 2069 933 2146; x_wconf 87' lang='lat' dir='ltr'>Atque</span> <span class='ocrx_word' id='word_1_171' title='bbox 957 2068 1001 2126; x_wconf 89' lang='lat' dir='ltr'>ite</span> <span class='ocrx_word' id='word_1_172' title='bbox 1016 2086 1047 2126; x_wconf 90' lang='lat' dir='ltr'>se</span> <span class='ocrx_word' id='word_1_173' title='bbox 1062 2068 1226 2139; x_wconf 75' lang='lat' dir='ltr'>continent,</span> 
     </span>
     <span class='ocr_line' id='line_1_22' title="bbox 209 2156 1228 2238; baseline -0.007 -15"><span class='ocrx_word' id='word_1_174' title='bbox 209 2164 281 2223; x_wconf 91' lang='lat' dir='ltr'>dum</span> <span class='ocrx_word' id='word_1_175' title='bbox 302 2164 398 2222; x_wconf 82' lang='lat' dir='ltr'>infans</span> <span class='ocrx_word' id='word_1_176' title='bbox 421 2160 600 2238; x_wconf 83' lang='lat' dir='ltr'>egredietur,</span> <span class='ocrx_word' id='word_1_177' title='bbox 631 2177 664 2218; x_wconf 83' lang='lat' dir='ltr'>eo</span> <span class='ocrx_word' id='word_1_178' title='bbox 688 2157 793 2217; x_wconf 91' lang='lat' dir='ltr'>deinde</span> <span class='ocrx_word' id='word_1_179' title='bbox 815 2157 926 2217; x_wconf 86' lang='lat' dir='ltr'>iterum</span> <span class='ocrx_word' id='word_1_180' title='bbox 947 2156 1093 2232; x_wconf 85' lang='lat' dir='ltr'>replicent</span> <span class='ocrx_word' id='word_1_181' title='bbox 1115 2175 1159 2227; x_wconf 90' lang='lat' dir='ltr'>se,</span> <span class='ocrx_word' id='word_1_182' title='bbox 1187 2161 1228 2216; x_wconf 91' lang='lat' dir='ltr'>ut</span> 
     </span>
     <span class='ocr_line' id='line_1_23' title="bbox 208 2244 1227 2329; baseline -0.006 -18"><span class='ocrx_word' id='word_1_183' title='bbox 208 2252 292 2329; x_wconf 89' lang='lat' dir='ltr'>prius</span> <span class='ocrx_word' id='word_1_184' title='bbox 314 2252 446 2311; x_wconf 81' lang='lat' dir='ltr'>suerunt.</span> <span class='ocrx_word' id='word_1_185' title='bbox 480 2249 590 2309; x_wconf 83' lang='lat' dir='ltr'>Sedet</span> <span class='ocrx_word' id='word_1_186' title='bbox 613 2249 711 2306; x_wconf 82' lang='lat' dir='ltr'>enimn</span> <span class='ocrx_word' id='word_1_187' title='bbox 732 2247 863 2323; x_wconf 76' lang='lat' dir='ltr'>intentis,</span> <span class='ocrx_word' id='word_1_188' title='bbox 885 2246 1007 2305; x_wconf 89' lang='lat' dir='ltr'>interim</span> <span class='ocrx_word' id='word_1_189' title='bbox 1031 2244 1103 2304; x_wconf 91' lang='lat' dir='ltr'>dum</span> <span class='ocrx_word' id='word_1_190' title='bbox 1126 2246 1227 2305; x_wconf 80' lang='lat' dir='ltr'>iniens</span> 
     </span>
     <span class='ocr_line' id='line_1_24' title="bbox 208 2335 1227 2419; baseline -0.008 -18"><span class='ocrx_word' id='word_1_191' title='bbox 208 2341 372 2419; x_wconf 77' lang='lat' dir='ltr'>egreditur,</span> <span class='ocrx_word' id='word_1_192' title='bbox 405 2339 495 2399; x_wconf 86' lang='lat' dir='ltr'>sentit</span> <span class='ocrx_word' id='word_1_193' title='bbox 528 2339 591 2398; x_wconf 87' lang='lat' dir='ltr'>vim</span> <span class='ocrx_word' id='word_1_194' title='bbox 622 2336 819 2409; x_wconf 77' lang='lat' dir='ltr'>antemitstis,</span> <span class='ocrx_word' id='word_1_195' title='bbox 854 2353 931 2412; x_wconf 86' lang='lat' dir='ltr'>ques</span> <span class='ocrx_word' id='word_1_196' title='bbox 963 2354 1028 2393; x_wconf 82' lang='lat' dir='ltr'>eam</span> <span class='ocrx_word' id='word_1_197' title='bbox 1059 2335 1155 2408; x_wconf 82' lang='lat' dir='ltr'>misit,</span> <span class='ocrx_word' id='word_1_198' title='bbox 1190 2353 1227 2394; x_wconf 85' lang='lat' dir='ltr'>eo</span> 
     </span>
     <span class='ocr_line' id='line_1_25' title="bbox 207 2430 506 2490; baseline -0.003 0"><span class='ocrx_word' id='word_1_199' title='bbox 207 2431 328 2490; x_wconf 87' lang='lat' dir='ltr'>interim</span> <span class='ocrx_word' id='word_1_200' title='bbox 350 2430 429 2489; x_wconf 79' lang='lat' dir='ltr'>loeta</span> <span class='ocrx_word' id='word_1_201' title='bbox 452 2431 506 2489; x_wconf 91' lang='lat' dir='ltr'>est.</span> 
     </span>
    </p>

    <p class='ocr_par' dir='ltr' id='par_1_8' title="bbox 167 2513 1225 2682">
     <span class='ocr_line' id='line_1_26' title="bbox 167 2513 1225 2591; baseline -0.005 -14"><span class='ocrx_word' id='word_1_202' title='bbox 167 2531 196 2577; x_wconf 79' lang='lat'>25</span> <span class='ocrx_word' id='word_1_203' title='bbox 275 2521 321 2580; x_wconf 83' lang='lat' dir='ltr'>De</span> <span class='ocrx_word' id='word_1_204' title='bbox 357 2519 558 2581; x_wconf 75' lang='lat' dir='ltr'>eenumlttnte.</span> <span class='ocrx_word' id='word_1_205' title='bbox 613 2516 777 2591; x_wconf 82' lang='lat' dir='ltr'>Postquam</span> <span class='ocrx_word' id='word_1_206' title='bbox 815 2517 915 2572; x_wconf 83' lang='lat' dir='ltr'>eutem</span> <span class='ocrx_word' id='word_1_207' title='bbox 952 2513 1049 2572; x_wconf 76' lang='lat' dir='ltr'>infans</span> <span class='ocrx_word' id='word_1_208' title='bbox 1087 2530 1225 2590; x_wconf 80' lang='lat' dir='ltr'>egressus</span> 
     </span>
     <span class='ocr_line' id='line_1_27' title="bbox 208 2601 1225 2682; baseline -0.008 -14"><span class='ocrx_word' id='word_1_209' title='bbox 208 2609 314 2682; x_wconf 80' lang='lat' dir='ltr'>fuerit,</span> <span class='ocrx_word' id='word_1_210' title='bbox 345 2627 415 2669; x_wconf 88' lang='lat' dir='ltr'>mox</span> <span class='ocrx_word' id='word_1_211' title='bbox 437 2625 539 2668; x_wconf 87' lang='lat' dir='ltr'>vocem</span> <span class='ocrx_word' id='word_1_212' title='bbox 570 2606 659 2664; x_wconf 87' lang='lat' dir='ltr'>fletus</span> <span class='ocrx_word' id='word_1_213' title='bbox 693 2604 817 2680; x_wconf 90' lang='lat' dir='ltr'>emittit,</span> <span class='ocrx_word' id='word_1_214' title='bbox 849 2603 922 2679; x_wconf 86' lang='lat' dir='ltr'>quie</span> <span class='ocrx_word' id='word_1_215' title='bbox 952 2602 1090 2662; x_wconf 79' lang='lat' dir='ltr'>tenebras</span> <span class='ocrx_word' id='word_1_216' title='bbox 1118 2601 1225 2661; x_wconf 88' lang='lat' dir='ltr'>mundi</span> 
     </span>
    </p>
   </div>
   <div class='ocr_carea' id='block_1_5' title="bbox 169 2691 1226 3667">
    <p class='ocr_par' dir='ltr' id='par_1_9' title="bbox 209 2691 1224 2767">
     <span class='ocr_line' id='line_1_28' title="bbox 209 2691 1224 2767; baseline -0.008 -9"><span class='ocrx_word' id='word_1_217' title='bbox 209 2699 307 2758; x_wconf 83' lang='lat' dir='ltr'>sentit.</span> <span class='ocrx_word' id='word_1_218' title='bbox 364 2696 439 2757; x_wconf 86' lang='lat' dir='ltr'>Nem</span> <span class='ocrx_word' id='word_1_219' title='bbox 474 2715 543 2756; x_wconf 91' lang='lat' dir='ltr'>cum</span> <span class='ocrx_word' id='word_1_220' title='bbox 577 2695 649 2754; x_wconf 89' lang='lat' dir='ltr'>deus</span> <span class='ocrx_word' id='word_1_221' title='bbox 684 2693 811 2752; x_wconf 79' lang='lat' dir='ltr'>animem</span> <span class='ocrx_word' id='word_1_222' title='bbox 848 2693 879 2750; x_wconf 87' lang='lat' dir='ltr'>in</span> <span class='ocrx_word' id='word_1_223' title='bbox 916 2691 1092 2750; x_wconf 36' lang='lat' dir='ltr'>humanum*</span> <span class='ocrx_word' id='word_1_224' title='bbox 1115 2709 1224 2767; x_wconf 86' lang='lat' dir='ltr'>corpus</span> 
     </span>
    </p>

    <p class='ocr_par' dir='ltr' id='par_1_10' title="bbox 209 2780 1224 2862">
     <span class='ocr_line' id='line_1_29' title="bbox 209 2780 1224 2862; baseline -0.008 -16"><span class='ocrx_word' id='word_1_225' title='bbox 209 2787 316 2862; x_wconf 90' lang='lat' dir='ltr'>mittit,</span> <span class='ocrx_word' id='word_1_226' title='bbox 350 2785 472 2847; x_wconf 79' lang='lat' dir='ltr'>scientie</span> <span class='ocrx_word' id='word_1_227' title='bbox 494 2786 526 2844; x_wconf 92' lang='lat' dir='ltr'>in</span> <span class='ocrx_word' id='word_1_228' title='bbox 549 2803 583 2843; x_wconf 84' lang='lat' dir='ltr'>ee</span> <span class='ocrx_word' id='word_1_229' title='bbox 606 2787 662 2858; x_wconf 90' lang='lat' dir='ltr'>est,</span> <span class='ocrx_word' id='word_1_230' title='bbox 697 2782 781 2858; x_wconf 84' lang='lat' dir='ltr'>qussi</span> <span class='ocrx_word' id='word_1_231' title='bbox 804 2781 940 2844; x_wconf 82' lang='lat' dir='ltr'>dormiet.</span> <span class='ocrx_word' id='word_1_232' title='bbox 985 2780 1042 2840; x_wconf 86' lang='lat' dir='ltr'>Sed</span> <span class='ocrx_word' id='word_1_233' title='bbox 1064 2783 1224 2857; x_wconf 86' lang='lat' dir='ltr'>postquem</span> 
     </span>
    </p>

    <p class='ocr_par' dir='ltr' id='par_1_11' title="bbox 169 2869 1225 3038">
     <span class='ocr_line' id='line_1_30' title="bbox 210 2869 1225 2952; baseline -0.008 -16"><span class='ocrx_word' id='word_1_234' title='bbox 210 2895 318 2952; x_wconf 82' lang='lat' dir='ltr'>corpus</span> <span class='ocrx_word' id='word_1_235' title='bbox 348 2875 518 2950; x_wconf 73' lang='lat' dir='ltr'>intraverit,</span> <span class='ocrx_word' id='word_1_236' title='bbox 549 2873 672 2932; x_wconf 85' lang='lat' dir='ltr'>scientie</span> <span class='ocrx_word' id='word_1_237' title='bbox 698 2872 730 2929; x_wconf 91' lang='lat' dir='ltr'>in</span> <span class='ocrx_word' id='word_1_238' title='bbox 756 2871 821 2947; x_wconf 82' lang='lat' dir='ltr'>ipsa</span> <span class='ocrx_word' id='word_1_239' title='bbox 848 2871 1006 2942; x_wconf 82' lang='lat' dir='ltr'>excitetur,</span> <span class='ocrx_word' id='word_1_240' title='bbox 1039 2888 1107 2929; x_wconf 89' lang='lat' dir='ltr'>cum</span> <span class='ocrx_word' id='word_1_241' title='bbox 1134 2887 1165 2928; x_wconf 85' lang='lat' dir='ltr'>ee</span> <span class='ocrx_word' id='word_1_242' title='bbox 1194 2869 1225 2928; x_wconf 93' lang='lat' dir='ltr'>in</span> 
     </span>
     <span class='ocr_line' id='line_1_31' title="bbox 169 2962 686 3038; baseline -0.006 -16"><span class='ocrx_word' id='word_1_243' title='bbox 169 2975 197 3022; x_wconf 80' lang='lat' dir='ltr'>so</span> <span class='ocrx_word' id='word_1_244' title='bbox 211 2983 327 3026; x_wconf 77' lang='lat' dir='ltr'>curnem</span> <span class='ocrx_word' id='word_1_245' title='bbox 350 2966 433 3024; x_wconf 89' lang='lat' dir='ltr'>etin</span> <span class='ocrx_word' id='word_1_246' title='bbox 456 2981 545 3024; x_wconf 87' lang='lat' dir='ltr'>venas</span> <span class='ocrx_word' id='word_1_247' title='bbox 568 2962 686 3038; x_wconf 83' lang='lat' dir='ltr'>infligit.</span> 
     </span>
    </p>

    <p class='ocr_par' dir='ltr' id='par_1_12' title="bbox 210 3047 1226 3394">
     <span class='ocr_line' id='line_1_32' title="bbox 277 3047 1226 3126; baseline -0.009 -12"><span class='ocrx_word' id='word_1_248' title='bbox 277 3056 325 3114; x_wconf 82' lang='lat' dir='ltr'>De</span> <span class='ocrx_word' id='word_1_249' title='bbox 347 3055 483 3118; x_wconf 77' lang='lat' dir='ltr'>scientio.</span> <span class='ocrx_word' id='word_1_250' title='bbox 529 3051 604 3112; x_wconf 83' lang='lat' dir='ltr'>Oum</span> <span class='ocrx_word' id='word_1_251' title='bbox 626 3068 697 3110; x_wconf 83' lang='lat' dir='ltr'>vero</span> <span class='ocrx_word' id='word_1_252' title='bbox 721 3051 827 3126; x_wconf 82' lang='lat' dir='ltr'>pertus</span> <span class='ocrx_word' id='word_1_253' title='bbox 850 3048 977 3107; x_wconf 88' lang='lat' dir='ltr'>hominis</span> <span class='ocrx_word' id='word_1_254' title='bbox 999 3047 1154 3119; x_wconf 88' lang='lat' dir='ltr'>institerit,</span> <span class='ocrx_word' id='word_1_255' title='bbox 1182 3048 1226 3106; x_wconf 87' lang='lat' dir='ltr'>ite</span> 
     </span>
     <span class='ocr_line' id='line_1_33' title="bbox 211 3136 1225 3222; baseline -0.008 -19"><span class='ocrx_word' id='word_1_256' title='bbox 211 3143 293 3222; x_wconf 90' lang='lat' dir='ltr'>quod</span> <span class='ocrx_word' id='word_1_257' title='bbox 316 3142 417 3204; x_wconf 84' lang='lat' dir='ltr'>divino</span> <span class='ocrx_word' id='word_1_258' title='bbox 439 3142 484 3202; x_wconf 80' lang='lat' dir='ltr'>vis</span> <span class='ocrx_word' id='word_1_259' title='bbox 507 3141 637 3201; x_wconf 76' lang='lat' dir='ltr'>claustro</span> <span class='ocrx_word' id='word_1_260' title='bbox 659 3138 785 3197; x_wconf 81' lang='lat' dir='ltr'>materni</span> <span class='ocrx_word' id='word_1_261' title='bbox 807 3138 887 3196; x_wconf 90' lang='lat' dir='ltr'>uteri</span> <span class='ocrx_word' id='word_1_262' title='bbox 910 3137 1013 3213; x_wconf 84' lang='lat' dir='ltr'>operit,</span> <span class='ocrx_word' id='word_1_263' title='bbox 1035 3140 1108 3196; x_wconf 86' lang='lat' dir='ltr'>tuno</span> <span class='ocrx_word' id='word_1_264' title='bbox 1129 3136 1225 3195; x_wconf 84' lang='lat' dir='ltr'>infcns</span> 
     </span>
     <span class='ocr_line' id='line_1_34' title="bbox 210 3226 1226 3310; baseline -0.007 -19"><span class='ocrx_word' id='word_1_265' title='bbox 210 3235 355 3293; x_wconf 79' lang='lat' dir='ltr'>virtutem</span> <span class='ocrx_word' id='word_1_266' title='bbox 378 3231 426 3310; x_wconf 88' lang='lat' dir='ltr'>dei</span> <span class='ocrx_word' id='word_1_267' title='bbox 448 3231 490 3290; x_wconf 91' lang='lat' dir='ltr'>ibi</span> <span class='ocrx_word' id='word_1_268' title='bbox 513 3229 610 3304; x_wconf 86' lang='lat' dir='ltr'>sentit,</span> <span class='ocrx_word' id='word_1_269' title='bbox 640 3231 731 3304; x_wconf 85' lang='lat' dir='ltr'>etque</span> <span class='ocrx_word' id='word_1_270' title='bbox 753 3227 874 3287; x_wconf 85' lang='lat' dir='ltr'>scientie</span> <span class='ocrx_word' id='word_1_271' title='bbox 895 3226 927 3285; x_wconf 92' lang='lat' dir='ltr'>in</span> <span class='ocrx_word' id='word_1_272' title='bbox 949 3227 1046 3285; x_wconf 83' lang='lat' dir='ltr'>anima</span> <span class='ocrx_word' id='word_1_273' title='bbox 1067 3226 1130 3285; x_wconf 87' lang='lat' dir='ltr'>eius</span> <span class='ocrx_word' id='word_1_274' title='bbox 1152 3229 1226 3285; x_wconf 91' lang='lat' dir='ltr'>tunc</span> 
     </span>
     <span class='ocr_line' id='line_1_35' title="bbox 212 3315 1222 3394; baseline -0.009 -13"><span class='ocrx_word' id='word_1_275' title='bbox 212 3322 249 3381; x_wconf 90' lang='lat' dir='ltr'>ed</span> <span class='ocrx_word' id='word_1_276' title='bbox 276 3321 448 3381; x_wconf 87' lang='lat' dir='ltr'>discendum</span> <span class='ocrx_word' id='word_1_277' title='bbox 479 3323 509 3379; x_wconf 90' lang='lat' dir='ltr'>et</span> <span class='ocrx_word' id='word_1_278' title='bbox 539 3319 576 3382; x_wconf 84' lang='lat' dir='ltr'>ed</span> <span class='ocrx_word' id='word_1_279' title='bbox 608 3317 785 3394; x_wconf 81' lang='lat' dir='ltr'>capiendum</span> <span class='ocrx_word' id='word_1_280' title='bbox 812 3333 947 3393; x_wconf 77' lang='lat' dir='ltr'>quaeque</span> <span class='ocrx_word' id='word_1_281' title='bbox 970 3315 1154 3392; x_wconf 75' lang='lat' dir='ltr'>adplenum</span> <span class='ocrx_word' id='word_1_282' title='bbox 1176 3333 1222 3374; x_wconf 84' lang='lat' dir='ltr'>ex·</span> 
     </span>
    </p>

    <p class='ocr_par' dir='ltr' id='par_1_13' title="bbox 169 3395 1224 3667">
     <span class='ocr_line' id='line_1_36' title="bbox 169 3395 1224 3488; baseline -0.006 -20"><span class='ocrx_word' id='word_1_283' title='bbox 169 3411 323 3488; x_wconf 73' lang='lat' dir='ltr'>assurgit,</span> <span class='ocrx_word' id='word_1_284' title='bbox 352 3430 420 3470; x_wconf 87' lang='lat' dir='ltr'>oum</span> <span class='ocrx_word' id='word_1_285' title='bbox 445 3395 577 3469; x_wconf 64' lang='lat' dir='ltr'>nd&#39;hnec</span> <span class='ocrx_word' id='word_1_286' title='bbox 598 3425 651 3484; x_wconf 89' lang='lat' dir='ltr'>per</span> <span class='ocrx_word' id='word_1_287' title='bbox 674 3407 825 3483; x_wconf 88' lang='lat' dir='ltr'>optionem</span> <span class='ocrx_word' id='word_1_288' title='bbox 847 3408 877 3464; x_wconf 90' lang='lat' dir='ltr'>et</span> <span class='ocrx_word' id='word_1_289' title='bbox 899 3423 952 3481; x_wconf 91' lang='lat' dir='ltr'>per</span> <span class='ocrx_word' id='word_1_290' title='bbox 975 3403 1153 3464; x_wconf 86' lang='lat' dir='ltr'>desidorium</span> <span class='ocrx_word' id='word_1_291' title='bbox 1175 3421 1224 3463; x_wconf 89' lang='lat' dir='ltr'>ex-</span> 
     </span>
     <span class='ocr_line' id='line_1_37' title="bbox 210 3491 1224 3572; baseline -0.009 -11"><span class='ocrx_word' id='word_1_292' title='bbox 210 3501 329 3562; x_wconf 83' lang='lat' dir='ltr'>citetur.</span> <span class='ocrx_word' id='word_1_293' title='bbox 374 3497 449 3558; x_wconf 86' lang='lat' dir='ltr'>Nem</span> <span class='ocrx_word' id='word_1_294' title='bbox 480 3519 548 3559; x_wconf 87' lang='lat' dir='ltr'>cum</span> <span class='ocrx_word' id='word_1_295' title='bbox 579 3496 667 3557; x_wconf 89' lang='lat' dir='ltr'>homo</span> <span class='ocrx_word' id='word_1_296' title='bbox 695 3494 851 3572; x_wconf 83' lang='lat' dir='ltr'>quodlibet</span> <span class='ocrx_word' id='word_1_297' title='bbox 878 3512 954 3570; x_wconf 89' lang='lat' dir='ltr'>opus</span> <span class='ocrx_word' id='word_1_298' title='bbox 981 3493 1028 3553; x_wconf 88' lang='lat' dir='ltr'>vel</span> <span class='ocrx_word' id='word_1_299' title='bbox 1059 3491 1224 3570; x_wconf 85' lang='lat' dir='ltr'>quemlibet</span> 
     </span>
     <span class='ocr_line' id='line_1_38' title="bbox 210 3580 1222 3667; baseline -0.009 -17"><span class='ocrx_word' id='word_1_300' title='bbox 210 3593 305 3650; x_wconf 77' lang='lat' dir='ltr'>ortem</span> <span class='ocrx_word' id='word_1_301' title='bbox 326 3608 381 3667; x_wconf 89' lang='lat' dir='ltr'>per</span> <span class='ocrx_word' id='word_1_302' title='bbox 402 3589 552 3666; x_wconf 90' lang='lat' dir='ltr'>optionem</span> <span class='ocrx_word' id='word_1_303' title='bbox 575 3589 606 3646; x_wconf 89' lang='lat' dir='ltr'>et</span> <span class='ocrx_word' id='word_1_304' title='bbox 627 3605 680 3662; x_wconf 88' lang='lat' dir='ltr'>per</span> <span class='ocrx_word' id='word_1_305' title='bbox 703 3584 882 3645; x_wconf 87' lang='lat' dir='ltr'>desiderium</span> <span class='ocrx_word' id='word_1_306' title='bbox 904 3583 981 3642; x_wconf 88' lang='lat' dir='ltr'>scire</span> <span class='ocrx_word' id='word_1_307' title='bbox 1000 3581 1077 3658; x_wconf 84' lang='lat' dir='ltr'>vult,</span> <span class='ocrx_word' id='word_1_308' title='bbox 1099 3580 1222 3657; x_wconf 87' lang='lat' dir='ltr'>spiritus</span> 
     </span>
    </p>
   </div>
   <div class='ocr_carea' id='block_1_6' title="bbox 0 0 1344 3938">
    <p class='ocr_par' dir='ltr' id='par_1_14' title="bbox 0 0 1344 3938">
     <span class='ocr_line' id='line_1_39' title="bbox 0 0 1344 3938; baseline 0 4"><span class='ocrx_word' id='word_1_309' title='bbox 0 0 1344 3938; x_wconf 95' lang='lat' dir='ltr'> </span> 
     </span>
    </p>
   </div>
  </div>
 </body>
</html>
