2680 3938
225 181 266 241 52
610 171 858 233 nnnncrsms

290 360 338 418 De
362 357 487 432 frenesi.
534 357 621 429 Quod
645 358 671 416 si
693 357 771 419 forte
794 376 899 432 spuma
924 357 970 418 vel
992 357 1137 435 tepidum,
1167 377 1260 435 quae

223 451 295 508 tunc
316 447 360 506 ibi
382 450 452 508 suut
467 449 602 520 attrecta,
624 447 702 508 livor
716 446 935 523 praedictorum
950 447 1134 524 flegmatum,
1163 449 1257 508 soili-

224 539 270 596 cet
291 536 360 600 sicci
383 545 413 596 et
435 535 559 612 humidi,
588 539 618 596 et
639 537 704 596 iure
725 537 757 598 in
781 536 881 612 quiete
904 554 964 596 esse
989 536 1144 606 deberent,
1184 557 1257 597 mo-

224 625 295 684 dum
317 643 406 686 suum
428 627 602 687 excesserint
624 627 702 707 sicut
726 624 815 700 unda,
848 645 924 702 quse
948 626 1190 701 supramodum
1217 627 1256 686 in

196 725 301 791 caque
323 717 470 776 movetur:
493 716 525 774 in
547 734 693 776 venenum
714 718 883 786 vertuntur,
906 718 937 774 et
959 733 994 775 ex
1017 715 1058 774 eis
1078 715 1149 774 tulis
1167 719 1254 775 tem·

222 808 320 879 pestes
343 805 453 879 oritur,
484 805 565 882 quod
587 804 705 863 nullum
727 823 830 863 eorum
853 804 903 864 alii
927 803 1072 864 consentit
1093 806 1125 864 et
1160 807 1254 881 quod

223 893 354 954 officium
390 913 477 954 suum
513 896 593 953 reete
628 912 688 952 non
723 897 865 956 exercent.
921 893 961 952 Et
993 894 1050 954 iste
1086 895 1253 968 praedicta

223 981 340 1044 duobus
362 983 564 1061 superioribus
586 982 629 1041 ite
651 981 772 1054 obsunt,
801 982 883 1059 quod
905 982 1004 1041 omniu
1027 986 1159 1058 quatuor
1186 984 1250 1044 sibi

222 1076 398 1150 repugnant.
443 1070 680 1148 echonomo,
710 1072 762 1148 qni
789 1070 864 1130 hunc
892 1070 1094 1132 diversitatem
1116 1073 1148 1131 et
1172 1091 1249 1134 cou-

185 1167 212 1214 lc
225 1162 407 1220 trerietetem
430 1161 461 1220 in
484 1179 608 1236 corpore
630 1179 685 1222 suo
708 1161 836 1236 petitur,
867 1160 1026 1220 freneticus
1053 1160 1124 1236 erit,
1158 1162 1246 1237 quie,

223 1268 289 1310 oum
312 1250 466 1309 interiores
488 1249 627 1309 humores
650 1249 706 1309 sibi
732 1250 857 1311 invicem
885 1250 1036 1324 resistunt,
1068 1249 1159 1309 homo
1189 1251 1246 1310 ille
1304 1266 1309 1278 ·

221 1339 298 1398 furit
320 1341 350 1398 et
373 1357 403 1398 se
426 1339 524 1414 ipsum
547 1339 690 1415 decerpit,
720 1339 777 1398 nisi
803 1339 927 1398 funibus
954 1339 1074 1415 ligetur.
1119 1339 1160 1398 Et
1183 1339 1244 1400 hoc

221 1431 283 1486 tem
306 1427 358 1486 diu
380 1427 460 1503 facit,
483 1446 578 1504 usque
602 1428 673 1488 dum
695 1427 846 1504 praedicte
868 1445 974 1504 spuma
994 1430 1024 1487 et
1047 1427 1240 1503 praedictum

220 1515 355 1592 tepidum
379 1518 531 1576 attenuate
553 1518 583 1578 in
610 1521 725 1580 rectum
757 1517 890 1578 ordinem
922 1536 1010 1577 suum
1037 1517 1175 1593 redeunt,
1210 1523 1241 1578 et

182 1610 209 1656 15
222 1606 383 1682 longaevus
419 1625 478 1666 non
513 1607 578 1666 erit.
634 1606 666 1666 Si
698 1610 798 1666 eutem
830 1605 990 1667 humidum
1027 1607 1239 1680 superexcellit

220 1695 331 1754 siccum
354 1698 383 1755 et
409 1695 518 1755 siccum
547 1715 684 1777 spumam
711 1699 741 1756 et
767 1696 916 1771 tepidum,
947 1713 1023 1772 quse
1050 1695 1236 1756 etiamtunc

221 1784 342 1845 illorum
366 1784 547 1862 subsequens
569 1785 647 1845 livor
669 1788 751 1845 sunt:
780 1785 827 1845 hic
849 1784 938 1844 homo
962 1785 1138 1846 naturaliter
1166 1803 1235 1861 pru·

220 1872 291 1936 dens
314 1875 358 1934 est
380 1877 410 1934 et
432 1875 545 1934 stabilis
569 1877 599 1934 et
621 1875 652 1932 in
679 1874 725 1934 his
748 1878 917 1951 perseverat
939 1877 969 1934 et
996 1891 1084 1934 sanus
1112 1874 1143 1934 in
1173 1893 1235 1934 cor·

219 1981 292 2039 pore
315 1967 360 2024 est
383 1982 416 2022 eo
437 1964 599 2040 longaevus
622 1964 688 2024 erit.

179 2057 207 2102 2⁰
287 2055 334 2113 Dc
356 2055 526 2116 contractis.
571 2052 628 2112 Sed
651 2053 676 2112 ei
699 2071 805 2128 spuma
828 2055 858 2112 et
884 2052 1032 2129 tepidum,
1064 2070 1140 2128 quae
1164 2055 1234 2112 tunc

219 2143 297 2201 livor
319 2142 436 2201 humidi
458 2146 488 2201 ct
515 2142 585 2201 sicci
612 2145 695 2217 sunt,
722 2142 844 2201 modum
866 2160 953 2202 suum
982 2141 1161 2217 transierint,
1192 2143 1233 2202 ite

221 2230 301 2306 quod
332 2249 437 2307 spuma
464 2230 594 2292 escendit
631 2235 660 2290 et
690 2233 773 2291 velut
805 2231 969 2292 ferventem
1004 2249 1149 2307 aquosum
1188 2231 1232 2290 iu-

220 2338 303 2377 mum
329 2320 401 2379 facit
428 2322 458 2379 et
481 2319 562 2396 quod
584 2319 720 2395 tepidum
742 2320 849 2392 stillet,
881 2321 976 2379 sicin
999 2319 1145 2379 discordie
1167 2322 1229 2379 tur·

219 2408 318 2468 binem
341 2412 478 2484 perantes
502 2408 645 2469 cervicem
667 2409 794 2470 hominis
816 2410 940 2472 flectunt
963 2427 997 2468 ec
1020 2409 1141 2468 dorsum
1169 2397 1231 2470 eius

179 2500 206 2548 2⁵
219 2497 376 2558 incurvent
407 2500 497 2574 etque
528 2497 642 2558 faciunt
673 2516 741 2557 eum
770 2502 869 2558 totum
906 2500 1104 2573 contractum,
1140 2517 1230 2575 usque

220 2587 292 2647 dum
315 2587 351 2647 sb
373 2586 430 2646 hoc
452 2587 530 2646 melo
554 2587 723 2659 cessaverim
747 2587 798 2647 sed
821 2587 874 2645 diu
897 2588 939 2648 sio
962 2588 1061 2646 vivere
1084 2590 1187 2663 potest.

285 2675 331 2736 De
353 2676 459 2737 stultis.
497 2676 533 2736 In
556 2696 616 2753 quo
640 2680 740 2736 autem
763 2677 874 2736 siccum
896 2677 1076 2737 transcendit
1099 2695 1229 2752 spumam

220 2768 250 2825 et
272 2783 378 2840 spume
399 2765 558 2825 humidum
581 2768 610 2825 et
632 2765 779 2842 tepidum,
807 2765 855 2826 hic
878 2766 909 2824 in
932 2767 1062 2827 stultitia
1084 2765 1228 2826 interdum

220 2855 265 2912 est
286 2853 444 2914 iracundus
467 2873 500 2914 se
527 2855 677 2915 interdum
703 2855 735 2915 in
762 2854 892 2916 stultitia
919 2854 1023 2916 laetus.
1067 2855 1107 2913 Et
1130 2854 1227 2916 debilis

180 2953 207 2998 eo
220 2946 346 3003 nonest
372 2945 403 3002 et
429 2944 617 3020 aliquantum
643 2943 782 3004 robustus
806 2948 837 3005 et
865 2943 918 3004 diu
945 2945 1045 3005 vivere
1071 2946 1178 3020 potest,
1204 2945 1228 3004 si

219 3032 357 3092 voluntas
381 3031 428 3092 dei
451 3035 503 3094 est.

285 3121 330 3181 Dc
348 3122 498 3196 paralysi.
529 3121 614 3193 Quod
637 3122 663 3181 si
685 3121 843 3182 humidum
859 3126 890 3182 et
904 3121 1047 3199 tepidum,
1072 3141 1147 3199 quae
1160 3125 1226 3182 tunc

219 3209 297 3270 livor
319 3210 387 3271 sicci
411 3214 442 3271 et
463 3230 586 3288 spumae
609 3214 686 3288 sunt,
710 3212 833 3271 modum
849 3229 937 3273 suum
952 3212 1036 3272 velut
1050 3211 1224 3289 periculosus

218 3307 325 3360 ventus
340 3300 512 3377 efflaverint,
524 3301 609 3378 quasi
620 3302 651 3360 in
667 3302 893 3362 commotionem
904 3303 1062 3361 ventorum
1073 3304 1224 3362 vertuntur

179 3397 207 3446 ³5
220 3393 311 3466 utque
338 3389 539 3466 periculosum
566 3410 672 3451 sonum
699 3391 813 3451 faciunt
844 3392 928 3450 velut
960 3409 1067 3450 sonum
1097 3390 1221 3452 tonitrui

218 3479 258 3538 Et
287 3497 375 3539 sonus
406 3479 457 3540 ille
487 3483 571 3540 sonet
601 3481 633 3539 in
661 3499 748 3541 venas
781 3483 811 3539 et
842 3480 874 3539 in
905 3479 1050 3538 medullas
1082 3481 1168 3554 atque
1194 3479 1221 3538 in

218 3571 353 3645 tempora
375 3567 503 3630 hominis
522 3570 613 3634 illius.
644 3569 727 3630 Unde
744 3570 798 3646 qui
813 3569 884 3630 haec
904 3567 1029 3646 petitur,
1052 3567 1220 3642 paralyticus
