2680 3938
107 843 302 917 ΒΕΑΤΑΕ
323 842 649 917 HILDueARDIS
669 842 856 916 CAUSAE
875 844 936 916 ΕΤ
955 844 1125 920 CURAE.

605 1128 630 1188 I.

173 1237 220 1296 Dc
253 1236 362 1295 mnndi
397 1237 552 1296 creatione.
602 1235 685 1296 Deus
717 1239 785 1296 ante
818 1237 997 1297 creationem
1023 1239 1126 1298 mundi

108 1325 220 1402 absque
246 1325 337 1385 initio
360 1325 421 1384 fuit
443 1329 473 1384 et
496 1327 552 1397 est,
580 1328 611 1386 st
637 1326 700 1401 ipse
727 1327 779 1384 lux
802 1329 832 1385 et
854 1327 992 1402 splendor
1013 1327 1074 1386 fuit
1096 1333 1126 1388 et

107 1419 152 1474 est
174 1417 205 1474 et
227 1415 291 1473 vita
317 1414 384 1474 fuit.
431 1413 506 1474 (lum
529 1434 600 1492 ergo
625 1415 696 1474 deus
723 1415 868 1474 mundum
896 1415 993 1476 faeere
1019 1416 1125 1492 voluit,

106 1503 194 1562 illum
227 1504 263 1562 do
297 1503 390 1564 nihilo
421 1504 504 1580 facit,
535 1503 586 1563 sad
618 1504 649 1562 in
680 1505 837 1567 voluntate
872 1505 965 1581 ipsius
1001 1506 1125 1566 materia

106 1593 211 1652 mundi
235 1595 307 1652 erat.
1138 1605 1152 1650 5

173 1683 221 1741 De
243 1683 316 1756 tyle.
361 1679 437 1740 Nam
460 1700 528 1740 cum
551 1683 688 1742 voluntas
712 1683 759 1742 dei
782 1683 1025 1759 adoperandum
1049 1703 1124 1759 opus

108 1788 139 1829 se
156 1770 292 1839 ostendit,
316 1789 385 1830 mox
405 1771 441 1830 de
462 1771 527 1847 ipsa
547 1772 702 1831 voluntate
722 1775 752 1831 εὴ
767 1773 917 1847 quomodo
937 1773 1009 1832 deus
1026 1774 1125 1834 voluit

106 1859 231 1919 materia
254 1860 358 1918 mundi
384 1863 421 1919 ut
449 1859 593 1920 obscurus
621 1862 729 1938 globus
757 1864 787 1920 εὴ
814 1861 950 1921 informis
972 1863 1123 1938 processit.
1181 1895 1183 1900 ·

175 1949 220 2008 Dc
248 1950 422 2024 caryotarum
449 1951 604 2011 creatione.
653 1949 693 2008 ut
729 1949 855 2011 verbum
884 1951 979 2026 patris
1010 1950 1123 2011 sonuit:

106 2037 177 2096 fiat
199 2038 273 2113 lux,
297 2040 327 2097 εὴ
349 2038 427 2097 facta
449 2040 494 2098 ast
516 2040 569 2098 lux
591 2041 621 2098 εὴ
644 2040 743 2116 angeli
767 2041 907 2100 lucentes.
945 2038 1021 2098 Nam
1043 2040 1164 2116 qu0d10

108 2127 183 2184 dixit
205 2127 275 2186 fiat
297 2128 372 2202 lux,
399 2128 509 2204 absque
532 2127 729 2188 luminaribus
753 2131 784 2188 εὴ
805 2129 933 2188 formata
955 2130 1019 2202 lux,
1043 2130 1124 2206 quod

104 2215 206 2292 angeli
228 2219 305 2279 sunt.
350 2216 409 2276 Sed
436 2235 504 2275 oum
532 2216 608 2277 dixit
634 2217 728 2277 fiant
757 2219 964 2294 luminaria,
992 2218 1049 2278 hoc
1079 2222 1124 2278 est

107 2305 207 2363 lumen
231 2305 353 2376 aerium,
377 2306 458 2381 quod
480 2306 623 2367 videmus.

174 2395 222 2453 De
238 2395 379 2468 Luciferi
401 2413 481 2456 cosae.
526 2395 646 2456 Lucifer
670 2399 771 2455 autem
786 2395 824 2454 ad
839 2397 1007 2478 aquilonem
1022 2397 1122 2456 locum

106 2485 259 2542 venantem
281 2503 335 2543 neo
357 2480 472 2560 aliquid
495 2488 667 2561 operantem
688 2485 766 2546 vidit
793 2487 824 2544 εὴ
851 2486 894 2544 ibi
916 2486 1016 2545 sedem
1037 2503 1122 2544 suam
1136 2492 1162 2536 15

106 2590 215 2647 ponere
237 2573 343 2648 voluit,
367 2573 507 2648 quatinus
529 2574 592 2633 illie
613 2574 702 2650 plura
724 2577 755 2634 et
776 2574 890 2634 maiora
912 2575 965 2634 deo
986 2593 1120 2650 operare·

106 2663 165 2738 tur,
180 2662 367 2721 voluntatem
378 2663 472 2737 ipsius
484 2663 522 2722 ad
534 2663 712 2722 creationem
723 2663 907 2740 reliquarum
919 2665 1122 2724 creaturarum

82 2765 84 2768 ·
107 2749 257 2827 ignorans.
302 2749 378 2810 Nam
400 2751 506 2811 faciem
521 2753 616 2828 patris
632 2771 691 2812 non
705 2753 832 2829 inspexit
846 2772 901 2812 nec
915 2753 1121 2813 fortitudinem

107 2839 170 2898 eius
194 2839 283 2900 scivit
305 2859 359 2900 nec
380 2840 545 2900 bonitatem
567 2841 662 2918 ipsius
684 2842 827 2919 gustavit,
852 2842 940 2919 quod,
964 2845 1122 2917 antequam

106 2927 178 2988 haec
200 2930 344 3005 sensisset,
377 2929 432 2989 deo
455 2930 599 2990 rebellare
622 2932 790 3006 temptavit.
841 2931 921 2992 Deus
950 2932 1028 2992 enim
1050 2932 1162 2992 haereo

106 3016 239 3076 nondum
261 3019 501 3080 manifestaverat
528 3020 579 3080 sed
602 3018 877 3094 ea'oooulcaverat,
907 3021 992 3082 velut
1014 3021 1121 3097 aliquis

106 3108 210 3181 potens
233 3110 262 3166 et
284 3108 371 3169 fortis
393 3109 441 3168 vir
462 3107 544 3186 facit,
569 3109 621 3186 qui
644 3110 851 3170 fortitudinem
870 3130 955 3170 suam
970 3110 1121 3170 interdum

108 3195 172 3255 aliis
199 3195 370 3258 hominibus
398 3216 464 3256 eam
490 3197 688 3259 nescientibus
717 3200 860 3272 occultat,
890 3199 982 3259 donec
1013 3199 1120 3276 videat,

109 3285 182 3359 quid
204 3285 251 3344 illi
283 3287 320 3346 de
347 3305 379 3348 se
406 3287 535 3346 sentiant
564 3289 595 3347 et
621 3289 695 3365 quid
721 3289 850 3365 incipere
877 3291 906 3348 et
929 3288 1002 3364 quid
1023 3289 1120 3348 iacere

109 3373 210 3436 velint.
264 3375 304 3435 Et
327 3393 394 3434 cum
416 3375 537 3436 Lucifer
558 3377 590 3436 in
617 3396 755 3453 perversa
777 3378 930 3438 voluntate
953 3371 1007 3437 sua
1029 3396 1059 3436 se
1083 3378 1161 3437 ad25

109 3462 237 3521 nihilum
260 3464 397 3541 erigeret,
421 3466 561 3540 quoniam
576 3464 704 3526 nihilum
719 3467 787 3538 fuit,
811 3467 891 3542 quod
905 3467 1001 3526 facere
1015 3466 1119 3538 voluit,

109 3550 140 3608 in
162 3551 240 3612 illud
263 3553 369 3613 cecidit
392 3557 422 3613 et
444 3557 523 3614 stare
545 3574 604 3613 non
626 3554 735 3631 potuit,
768 3556 839 3631 quia
861 3554 916 3614 sub
939 3573 969 3614 se
992 3553 1119 3612 fundum

160 3659 316 3716 Hildegardis
330 3665 455 3708 causaest
471 3674 544 3708 curae
558 3663 595 3709 ed.
609 3662 726 3708 Kaisar.
996 3656 1009 3708 l
