2662 3932
383 119 527 175 CAUSAE
549 117 595 172 ET
616 116 738 174 cunni:
756 117 824 174 LIB.
843 117 878 174 Π.
1077 124 1138 184 127

108 303 254 363 confinio
278 302 348 362 oolii
370 305 402 363 et
423 301 504 362 dorsi
527 305 627 377 ponat
673 302 731 373 Qui
758 322 829 364 vero
857 303 888 362 in
910 307 1028 381 pectore
1051 302 1140 378 dotet,

109 410 221 454 cornu
243 392 275 450 in
298 391 427 468 soapulia
449 390 535 468 figat,
568 395 622 452 aut
648 391 673 450 ei
700 392 732 450 in
758 391 901 453 lateribus
932 393 1025 465 dolet,
1055 391 1087 450 id
1108 392 1140 451 in

107 485 256 558 utroque
278 479 400 540 braobio
423 483 454 540 et
488 480 542 540 ubi
572 499 676 540 manns
706 481 818 557 finitur,
848 487 957 559 ponat,
988 482 1036 541 vel
1062 481 1140 541 siin

108 570 265 630 eruribus
286 568 376 646 dolet,
404 568 482 628 iliud
504 569 543 628 ad
565 568 617 628 ilia
631 569 713 648 figat,
737 574 791 631 aut
812 571 837 630 si
851 573 883 631 in
898 572 957 632 iiiia
971 574 1139 647 torquetur,

107 659 146 720 id
174 661 258 720 inter
279 662 362 718 nates
385 662 416 719 et
430 658 575 735 poplitem
590 663 691 733 ponat,
713 659 745 718 id
760 659 851 720 estin
867 678 961 723 corna.
991 659 1027 719 In
1041 660 1167 720 loeuma

107 751 234 824 autem,
256 748 287 806 iu
302 766 391 824 quem
405 750 527 809 ventosa
541 748 590 807 vei
611 766 704 808 oomu
722 750 853 825 ponitur,
875 769 935 809 non
958 749 1026 826 plna
1049 767 1140 825 quam

109 845 169 898 ter
186 836 236 898 vel
253 841 359 913 quater
373 856 434 896 una
449 837 549 896 eadem
569 836 650 912 horn,
673 857 733 914 qua
754 839 876 916 sanguis
899 839 942 898 ibi
965 837 1139 912 extrahitur,

109 929 263 1004 ponatur.
309 925 346 984 In
368 925 446 986 suria
467 945 538 986 vero
560 927 665 986 autin
691 925 773 987 tibiis
799 927 974 988 soarifimtio
1001 945 1061 987 non
1087 925 1140 986 fiat

110 1020 177 1077 aut
207 1034 277 1076 raro
309 1015 374 1090 fiat,
405 1015 477 1091 quia
503 1015 535 1074 in
561 1016 603 1076 eia
629 1016 754 1093 sanguia
777 1016 846 1093 plus
873 1017 1027 1078 habundat
1049 1034 1139 1092 quarn

108 1105 270 1180 humores,
286 1104 344 1164 nisi
354 1106 453 1164 tamen
469 1108 593 1181 propter
607 1123 745 1182 magnam
759 1106 963 1167 necessitatem
977 1105 1141 1166 humorum
1153 1113 1180 1159 10

110 1195 187 1268 fiat3
215 1212 269 1254 nac
292 1193 430 1254 humores
457 1193 529 1254 illuo
552 1193 717 1270 trahantur,
740 1196 883 1270 quoniam
904 1199 1003 1258 totum
1030 1212 1140 1270 eorpus

111 1304 175 1360 per
191 1303 280 1344 crura
295 1285 487 1347 sustentatur.
519 1282 577 1354 Qui
600 1286 701 1342 autom
723 1284 811 1344 modo
827 1304 882 1362 per
896 1285 1139 1346 scarificationem

112 1374 264 1434 humores
294 1374 327 1432 et
357 1372 527 1450 sanguinem
557 1372 709 1447 minuunt,
745 1391 804 1433 non
836 1378 966 1450 oportet,
997 1378 1034 1434 ut
1063 1390 1093 1433 ae
1123 1391 1140 1430 a

113 1463 259 1522 olaritate
282 1460 351 1522 aelia
375 1469 428 1521 ant
450 1461 527 1537 ignia
551 1465 604 1522 ant
624 1461 696 1522 oibia
711 1465 773 1521 tam
790 1467 876 1524 naute
892 1464 1049 1524 observent
1063 1462 1140 1522 mont

115 1551 275 1625 deberent,
309 1550 334 1610 si
361 1569 467 1610 venam
498 1549 683 1624 incidisaaut3
713 1550 765 1610 aed
791 1552 863 1612 cibis
890 1554 1073 1628 reficiantur,
1102 1555 1139 1610 ut
1152 1559 1178 1604 1³

113 1641 208 1718 priua
231 1631 379 1715 solebant,
403 1640 544 1716 quoniam
570 1658 624 1717 per
652 1640 894 1701 scarificationem
922 1643 1038 1702 fiatniae
1060 1641 1138 1715 illae,

116 1731 153 1790 io
178 1731 223 1790 eat
248 1747 353 1801 venae,
386 1748 462 1806 quae
488 1729 582 1789 vitam
608 1729 735 1789 hominia
760 1730 793 1789 in
814 1749 844 1790 se
867 1734 989 1807 portant
1011 1735 1041 1792 et
1063 1748 1140 1806 quae

119 1819 329 1896 compaginem
360 1819 563 1879 membrorum
593 1816 801 1896 compingunt,
832 1819 941 1880 inuisae
975 1839 1033 1880 non
1061 1821 1138 1889 sunt,

119 1909 196 1986 qnia
223 1926 292 1968 oum
313 1927 374 1968 una
395 1907 567 1968 huiuamodi
589 1907 689 1968 fistula
715 1907 871 1981 inciditur,
898 1912 1012 1969 ceterae
1040 1925 1140 1967 omues

119 1998 297 2058 inrisionem
324 1997 408 2057 iliam
438 1996 570 2057 sentiunt
599 1998 630 2056 at
651 1996 679 2056 ai
702 1998 932 2074 compatiuntur.
977 1997 1009 2057 Si
1039 1999 1138 2056 autern
1151 2003 1179 2050 ²⁰

119 2105 201 2164 aquo
224 2087 278 2146 aut
299 2085 370 2146 bovi
393 2086 550 2146 antonino
573 2104 648 2144 vena
669 2085 825 2146 incidenda
852 2091 896 2147 eat
923 2088 954 2146 in
974 2087 1140 2147 minutione

118 2175 285 2254 sanguinis,
308 2178 338 2236 at
360 2176 385 2236 si
407 2176 486 2235 idem
502 2174 612 2234 animal
626 2175 704 2234 forte
719 2179 750 2234 et
764 2177 973 2252 corpulentum
992 2180 1045 2248 est,
1067 2177 1140 2236 tuno

120 2267 271 2342 quantum
285 2265 415 2342 pioarina
431 2283 533 2340 eapere
548 2266 649 2341 potest
668 2283 762 2340 aquae
787 2266 908 2343 sangnis
930 2267 959 2326 ai
977 2266 1139 2326 minuatur.

189 2355 236 2415 De
257 2355 423 2415 minutione
446 2355 533 2415 bruti.
583 2351 616 2414 Si
637 2372 708 2414 vero
732 2372 826 2430 equus
848 2357 901 2414 aut
923 2355 976 2415 bos
999 2355 1061 2416 sive
1084 2355 1138 2414 asi-

120 2461 179 2502 nua
202 2441 308 2502 debilia
331 2447 362 2502 et
383 2461 481 2502 macer
502 2442 603 2518 fuerit,
627 2441 664 2502 ati
686 2441 845 2503 dimidium
859 2444 1004 2520 picenium
1020 2444 1140 2520 sangnis
1152 2447 1180 2494 ab

120 2533 151 2593 ei
173 2531 336 2608 minuatur,
366 2533 478 2593 scilieet
505 2531 667 2591 seeundum
689 2533 841 2608 propriam
864 2533 1089 2593 erassitudinem
1110 2536 1141 2592 et

121 2621 301 2682 tenuitatem
322 2621 444 2682 virtutis
467 2639 546 2685 auae.
590 2619 648 2680 Sed
669 2623 738 2695 post
760 2621 955 2681 minutionem
977 2621 1067 2681 molle
1088 2640 1138 2697 pa·

122 2711 231 2770 bulum
254 2713 284 2770 et
307 2709 424 2770 aridum
448 2729 482 2769 ao
503 2728 593 2770 auare
615 2710 718 2769 fanum
733 2709 761 2769 ei
776 2710 814 2770 ad
829 2709 1043 2771 comedendum
1058 2709 1139 2769 ‹iabi-

122 2804 184 2874 tur,
229 2799 269 2858 Et
299 2803 372 2860 tuno
404 2797 494 2860 etiam
524 2817 578 2875 per
601 2796 675 2858 duas
698 2799 876 2875 septimanas
898 2802 952 2860 aut
973 2819 1027 2876 per
1048 2819 1140 2859 unam

123 2893 178 2948 aut
199 2907 253 2964 per
275 2890 406 2965 quatuor
429 2889 490 2949 dieo
512 2892 581 2964 post
602 2887 799 2947 minutionem
818 2889 966 2965 quiescat,
999 2889 1139 2965 quatinus
1151 2894 1179 2938 ³0

122 2977 200 3038 vires
221 2995 290 3037 auae
312 2977 444 3054 reeipiat,
467 2976 550 3059 quod
573 2995 687 3055 semper
708 2977 740 3036 in
762 2977 862 3037 labora
885 2981 939 3039 eat.
986 2978 1026 3039 Et
1043 2977 1140 3037 tribua

122 3066 273 3126 mensibus
296 3068 452 3127 transactis
474 3067 506 3125 in
529 3069 637 3142 quarto
657 3085 757 3126 mensa
772 3067 868 3126 eidem
882 3067 1004 3126 animali
1019 3067 1140 3143 sanguis

124 3157 156 3215 in
178 3173 254 3216 vana
275 3155 385 3216 iterum
407 3156 562 3216 minuatur
585 3157 615 3214 at
641 3173 700 3216 non
727 3157 818 3232 priua,
854 3156 911 3216 niai
944 3174 999 3232 pro
1033 3175 1141 3233 magna

121 3245 294 3306 neoaaaitate
316 3244 513 3320 infirmitatis,
541 3243 622 3320 quod
644 3246 706 3304 tam
728 3245 800 3304 mali
822 3244 961 3304 bumoroa
983 3245 1014 3304 in
1036 3243 1138 3304 huius·

123 3333 205 3394 modi
240 3332 417 3394 animalibus
447 3353 506 3394 non
538 3332 711 3393 habundant
743 3333 822 3393 siout
854 3334 885 3393 in
912 3332 1038 3398 homino.
1084 3331 1181 3392 Ovist

125 3426 226 3482 autem
249 3424 369 3502 sanguia
392 3423 424 3482 in
445 3442 521 3483 vena
543 3441 629 3499 aaapa
650 3421 813 3494 minuatur,
845 3422 895 3482 sed
921 3427 1020 3482 tamen
1047 3422 1139 3482 modi-

124 3529 191 3572 omn
213 3513 374 3590 sanguinis,
405 3512 485 3588 quod
507 3515 631 3590 propter
653 3511 799 3572 diversam
821 3530 925 3571 auram
953 3510 1038 3570 fenile
1060 3511 1139 3570 infir·
