2680 3938
391 212 534 271 CAUSAE
553 213 600 269 ΕΤ
619 213 741 270 CURAE
760 214 827 268 ΜΒ.
847 215 869 268 Ι.
1108 221 1149 280 29

119 399 180 476 qui
204 398 363 473 aliquando
393 398 569 476 quibusdam
597 399 700 474 poenis
725 398 873 476 tangitur;
906 403 937 459 et
962 399 1028 458 ideo
1056 399 1150 458 malae

116 490 196 556 aunt
219 488 257 546 ad
279 488 445 564 potandum
476 490 505 547 et
531 486 666 547 homines
702 486 831 563 laedunt,
862 488 919 548 nisi
946 488 1078 564 primum
1101 507 1148 548 co·

119 579 276 653 quantur,
315 579 351 637 ut
383 597 401 635 a
435 577 514 635 mala
551 595 658 653 spuma
694 579 863 653 purgentur
904 579 934 636 et
975 577 1150 655 infrigidari

123 665 348 743 permittantur,
381 668 417 725 ut
439 666 483 725 ita
510 684 564 742 pro
590 666 763 725 necessitate
785 664 933 725 bibantur.
979 664 1036 726 Sed
1061 667 1150 726 etiam

120 773 181 832 pro
218 756 390 815 necessitate
426 755 464 814 ad
503 773 582 814 escas
617 755 782 832 coquendas
817 755 1003 831 aliquantum
1037 755 1175 828 valente

125 844 268 921 quoniam
300 845 343 904 ibi
373 863 427 920 per
449 845 611 903 coctionem
638 847 808 924 purgantur
836 845 866 903 et
892 848 965 903 tunc
993 844 1061 903 inde
1084 863 1147 904 sna·

123 933 223 994 viores
254 933 332 993 fiunt
363 937 394 993 et
421 933 527 992 melius
560 937 712 1009 saporant.
757 931 834 992 Nam
861 933 1013 992 interdum
1042 934 1147 1008 evenit,

125 1023 208 1099 quod
240 1021 336 1083 malus
368 1023 470 1082 fumus
502 1040 535 1081 ac
565 1022 737 1098 periculosa
768 1021 877 1082 nebula
905 1023 941 1081 de
970 1021 1148 1100 quibusdam

125 1111 250 1171 infirmis
273 1111 425 1171 montibus
448 1111 630 1171 descendunt
656 1115 687 1171 et
709 1111 790 1187 quod
813 1112 903 1171 etiam
925 1131 976 1170 aer
991 1111 1149 1188 aliquando

123 1200 304 1276 quibusdam
326 1199 430 1277 poenis
452 1201 597 1278 tangitur,
632 1204 663 1260 et
688 1200 731 1260 ita
754 1201 898 1261 elementa
920 1201 1095 1261 inficiuntur
1117 1205 1191 1260 et1o

124 1291 168 1350 sic
191 1291 276 1365 aquis
298 1290 459 1350 fluviorum
482 1309 516 1349 ac
535 1293 697 1366 puteorum
718 1308 752 1349 ao
767 1290 897 1350 fontium
912 1289 1149 1350 commiscentur.

124 1378 210 1438 Unde
233 1380 343 1438 iterum
366 1379 528 1456 pessimum
547 1398 692 1440 venenum
714 1380 805 1455 quasi
828 1381 984 1439 mortifera
1006 1379 1096 1456 pestis
1118 1379 1150 1438 in

122 1469 165 1528 eie
188 1471 242 1528 est
287 1468 327 1527 Et
357 1469 382 1528 si
412 1468 545 1528 homines
576 1470 629 1528 aut
657 1470 762 1527 cetera
791 1469 930 1528 animalia
957 1486 1048 1544 aquas
1077 1469 1150 1529 istas

122 1561 197 1617 tunc
218 1557 334 1633 bibunt,
367 1559 493 1618 mortem
526 1558 567 1617 eis
602 1557 736 1616 inferunt
767 1560 821 1617 aut
848 1558 992 1618 exstantia
1019 1558 1151 1618 membra

121 1647 155 1704 in
171 1646 367 1722 deformitate,
391 1651 445 1706 ant
468 1647 548 1723 quod
572 1646 759 1706 debilitatem
778 1648 810 1706 in
832 1647 873 1706 eis
895 1648 1018 1707 iaciunt.
1063 1647 1191 1707 Unde15

123 1753 240 1795 necesse
264 1738 316 1813 est,
348 1755 384 1796 ne
412 1739 485 1795 tunc
509 1735 660 1809 bibantur,
696 1736 754 1795 nisi
777 1739 878 1795 coctae
908 1737 975 1809 sint,
1007 1737 1150 1811 quoniam

122 1843 177 1902 per
207 1843 344 1902 spumam
379 1825 519 1885 coctionis
550 1844 697 1885 venenum
726 1828 763 1884 de
791 1826 832 1885 eis
855 1825 975 1885 eiciunt.
1020 1823 1096 1884 Nam
1124 1827 1149 1884 si

121 1915 278 1973 necessitas
307 1915 438 1991 aliquem
468 1914 621 1974 hominem
651 1914 792 1991 coegerit,
826 1917 863 1972 ut
886 1933 934 1974 eas
956 1913 1048 1989 bibat,
1078 1932 1149 1989 quo·

122 2003 205 2062 niam
228 2003 301 2062 alias
333 2004 447 2079 aliquas
478 2004 516 2062 ad
540 2002 702 2063 bibendum
725 2022 784 2063 non
810 2002 908 2079 habet,
942 2021 990 2062 eas
1018 2003 1150 2078 primum

123 2095 235 2167 coquat
271 2094 301 2151 et
331 2093 504 2170 refrigerari
526 2093 684 2168 permittat
707 2096 737 2151 et
763 2093 805 2152 sic
828 2091 920 2162 bibat,
950 2091 1021 2169 quia
1043 2103 1190 2150 rerumne

125 2185 178 2253 eet,
210 2181 282 2256 quin
313 2181 409 2241 ineis
433 2183 534 2258 aliqua
560 2182 693 2257 pericula
715 2182 775 2241 sint
805 2185 859 2240 aut
880 2181 917 2242 de
945 2201 1013 2242 aare
1034 2185 1088 2242 aut
1111 2181 1148 2240 de

125 2269 305 2346 volatilibuS,
335 2290 411 2346 quae
438 2271 470 2330 in
497 2271 539 2329 eis
561 2271 709 2346 levantur,
742 2273 794 2331 aut
823 2269 858 2330 de
881 2271 1035 2330 mortifero
1060 2271 1147 2343 malo,

125 2360 206 2435 quod
229 2359 260 2417 in
283 2359 476 2420 cadaveribus
507 2363 696 2419 mortuorum
728 2363 780 2435 est,
808 2378 883 2436 quae
915 2361 947 2419 in
976 2379 1006 2420 se
1029 2360 1148 2420 habent.

124 2448 164 2507 nr
189 2449 257 2507 ideo
284 2467 399 2508 necesse
426 2452 537 2519 estne
562 2450 595 2508 in
623 2467 695 2508 usus
721 2449 875 2508 hominum
899 2452 1064 2522 sumantur,
1087 2450 1145 2508 nisi

124 2537 208 2613 prius
251 2543 425 2612 coquantur.
471 2537 531 2597 Ubi
559 2540 659 2599 autem
692 2538 778 2614 parvi
809 2541 839 2598 et
878 2539 971 2598 lucidi
1009 2541 1039 2597 et
1076 2539 1146 2614 puri
1161 2547 1189 2593 25

126 2626 218 2686 rivuli
241 2629 320 2698 sunt,
354 2628 466 2703 quide
490 2627 556 2686 aliis
579 2627 664 2704 aquis
687 2627 772 2702 quasi
795 2627 941 2702 quaedam
963 2645 1054 2686 venae
1078 2644 1146 2702 pro·
1216 2699 1219 2708 Ι

126 2715 243 2788 cedunt,
271 2716 323 2775 isti
350 2735 404 2792 per
431 2717 644 2776 emanationem
666 2735 751 2775 suam
778 2720 948 2794 purgantur
970 2718 1000 2775 et
1022 2716 1092 2775 boni
1115 2735 1149 2776 ac

125 2805 216 2864 utiles
256 2807 326 2864 sunt
366 2806 403 2864 ad
443 2805 591 2881 quoslibet
628 2824 700 2865 usus
737 2805 891 2864 hominum
931 2808 961 2865 et
994 2824 1147 2880 pecorum.

125 2895 231 2971 Aquae
255 2897 354 2954 autem
377 2895 549 2969 pluviarum
574 2913 693 2971 asperae
716 2897 786 2954 sunt
809 2898 839 2954 et
862 2895 898 2955 ab
915 2894 1039 2954 infirmis
1055 2894 1147 2954 homi·

124 2983 213 3042 nibus
235 2983 365 3043 foetores
386 2988 416 3043 et
438 2984 532 3043 malos
553 2983 692 3043 humores
721 2987 751 3043 et
773 2984 896 3059 putrida
919 2984 1069 3059 auferunt,
1097 2983 1148 3043 sed
1161 2993 1189 3040 ao

124 3090 212 3131 sanos
235 3073 423 3152 aliquantum
439 3073 570 3149 laedunt,
594 3073 676 3149 quod
690 3073 723 3131 in
738 3073 780 3131 eis
803 3092 862 3133 non
877 3073 1041 3149 inveniunt,
1065 3074 1145 3149 quod

124 3163 263 3239 purgent.
294 3161 332 3220 at
348 3161 410 3234 hae,
434 3180 502 3221 cum
516 3162 547 3221 in
564 3162 696 3221 cisternis
711 3162 857 3238 steterint,
880 3162 1005 3221 leniores
1021 3162 1098 3221 fiunt
1113 3165 1144 3221 et

124 3250 203 3310 sanis
226 3253 256 3310 et
277 3250 401 3310 infirmis
424 3250 594 3311 hominibus
616 3251 709 3310 bonae
732 3254 810 3313 aunt.
856 3251 913 3311 Sed
941 3255 1040 3311 tamen
1070 3270 1148 3326 aqua

126 3339 298 3399 salientium
321 3342 351 3398 et
372 3341 531 3400 fluentium
553 3340 682 3399 fontium
705 3341 802 3400 multo
826 3341 961 3400 meliores
977 3343 1055 3404 sunt.
1090 3339 1147 3399 Sed

124 3431 244 3488 etcum
267 3429 469 3488 soloalorem
495 3448 584 3490 suum
616 3428 654 3487 ad
681 3447 711 3488 se
733 3428 835 3502 trahit,
866 3449 962 3505 aquae
984 3429 1147 3488 maximum
1160 3436 1188 3483 35

122 3517 218 3594 frigus
243 3517 355 3577 habent
381 3520 411 3577 et
433 3537 569 3595 spumam
600 3537 692 3594 suam,
721 3519 834 3578 scilicet
859 3519 969 3594 nivem,
998 3519 1148 3589 emittunt,

122 3625 197 3681 quae
211 3609 331 3678 ‚terram
355 3607 452 3684 operit
474 3611 504 3666 et
527 3607 711 3668 viriditatem
730 3610 826 3666 terrae
843 3607 1011 3683 impinguat
1034 3624 1067 3665 ac
1084 3625 1147 3665 eam
