2680 3938
402 158 544 214 CAUSAE
563 158 610 214 ET
629 159 752 218 CURAE
770 159 837 214 LIB.
857 159 893 215 Π.
1114 165 1154 224 47

129 345 223 404 bunt.
274 341 349 402 Nam
378 343 411 402 in
443 344 612 420 splendore,
644 364 734 422 quem
766 347 838 406 tunc
871 343 964 404 sancti
994 343 1155 415 habebunt,

129 437 237 492 sancta
266 452 355 510 opera
382 433 501 510 fulgent
531 437 561 493 et
588 435 687 510 posita
715 437 798 511 sunt,
829 437 865 494 ut
892 432 1016 510 pretiosi
1043 432 1157 511 lapides

128 523 165 582 in
190 540 264 581 auro
287 526 449 598 ponuntur.

207 611 306 686 Quare
329 615 399 674 Eoo
417 612 509 684 priua
531 612 642 675 caudit.
676 611 735 672 Sed
757 615 788 671 et
803 612 829 671 si
843 610 941 670 Adam
955 615 1155 688 transgressus

131 700 242 760 fuisset
264 701 348 776 prius
372 720 463 777 quam
484 701 560 778 Eva,
594 709 666 760 tunc
692 700 887 779 transgressio
909 701 963 760 illa
985 704 1046 759 tarn
1069 702 1183 761 fortiss

131 794 165 849 et
197 793 259 848 tam
287 789 499 867 incorrigibilis
526 791 642 863 luisset,
676 791 759 867 quod
790 791 877 850 homo
910 789 998 850 etiam
1030 791 1062 848 iu
1092 795 1155 850 tam

130 897 247 956 magna
278 879 474 938 obduratione
502 879 772 958 incorrigibilitatis
795 879 958 954 cecidisset,
989 878 1070 955 quod
1101 899 1155 940 nec

130 967 246 1028 salvari
278 968 369 1028 vellet
401 986 455 1027 nec
486 973 594 1045 posset.
639 968 724 1028 Unde
753 968 834 1046 quod
860 969 923 1028 Eva
950 968 1034 1044 prior
1060 970 1153 1028 bans·

134 1056 344 1134 gradiebatur,
375 1057 494 1116 facilius
522 1058 613 1117 deleri
639 1059 753 1134 potuit,
789 1058 862 1134 quia
895 1058 985 1117 etiam
1013 1058 1154 1134 fragilior

133 1146 269 1206 masculo
292 1146 362 1209 fuit.
408 1145 483 1206 Caro
515 1151 545 1206 at
572 1148 649 1207 cutis
675 1147 758 1206 Adae
785 1147 893 1207 fortior
916 1151 946 1206 et
969 1147 1073 1206 durior
1094 1147 1154 1206 fuit
1169 1159 1195 1203 10

132 1255 230 1314 quam
252 1235 408 1294 hominum
431 1255 511 1295 nunc
533 1236 584 1308 sit,
617 1237 689 1312 quia
714 1236 812 1296 Adam
841 1236 876 1295 de
903 1239 983 1296 terra
1006 1237 1153 1296 formatus

134 1324 198 1384 fuit
220 1326 250 1383 et
272 1325 335 1385 Eva
357 1325 393 1384 de
416 1325 490 1402 ipso.
528 1324 586 1384 Sed
608 1327 768 1402 postquem
790 1326 867 1385 filios
890 1329 1066 1403 genuerunt,
1086 1344 1153 1385 caro

132 1415 261 1473 illorum
293 1432 409 1490 semper
439 1417 469 1474 et
492 1433 608 1491 semper
630 1415 768 1491 fragilior
790 1416 820 1474 et
841 1416 977 1492 fragilior
1000 1415 1153 1492 fecisset,

131 1505 164 1562 et
190 1503 233 1562 ita
255 1503 405 1580 usquein
428 1504 622 1563 novissimum
645 1504 723 1562 diem
746 1504 812 1568 erit.

203 1593 250 1651 Dc
273 1591 394 1654 dilucio.
440 1592 517 1652 Cum
544 1596 645 1652 autom
672 1593 770 1651 Adam
793 1593 829 1652 de
851 1594 989 1669 paradiso
1012 1595 1152 1670 expulsus
1167 1605 1193 1654 15
1232 1665 1234 1669 ¹

130 1683 193 1752 est,
226 1700 305 1757 equa
336 1685 405 1740 ante
433 1682 583 1742 diluvium
609 1685 710 1742 tantae
737 1682 901 1742 velocitatis
927 1683 958 1741 in
986 1701 1075 1742 cursu
1097 1701 1152 1742 suo

130 1789 192 1829 non
217 1772 282 1829 erat
304 1788 357 1830 nec
378 1773 478 1830 tantae
500 1771 690 1848 liquiditetis,
713 1773 749 1829 ut
771 1776 873 1847 postea
896 1772 975 1830 facta
998 1779 1050 1832 est.
1094 1771 1153 1831 Sed

130 1877 226 1934 supra
247 1877 278 1918 se
301 1860 387 1936 quasi
409 1860 612 1920 membranam
634 1859 773 1936 habebat,
805 1861 886 1937 quod
918 1880 988 1921 eum
1015 1861 1150 1936 aliquan·

129 1948 234 2009 tulum
257 1949 435 2025 retardabat,
459 1949 502 2009 ita
526 1949 607 2026 quod
629 1950 775 2026 paulatim
797 1950 917 2012 fluebat.
949 1949 1007 2009 Sed
1028 1952 1058 2009 et
1072 1952 1152 2009 terra

132 2042 207 2098 tunc
228 2056 286 2098 non
309 2038 369 2097 luit
391 2039 496 2098 limosa
519 2039 571 2098 sed
593 2057 678 2098 arens
704 2042 795 2116 atqua
822 2039 951 2116 fragilis,
984 2038 1065 2115 quod
1098 2057 1152 2115 por
1165 2049 1193 2094 no

131 2145 243 2203 aquam
265 2127 398 2186 noudum
421 2129 572 2188 manebus
599 2129 667 2192 fuit.
713 2126 770 2187 seo
801 2127 837 2186 de
868 2128 965 2204 primo
993 2130 1150 2204 praecepto

131 2217 267 2275 fructum
289 2235 381 2293 supra
403 2217 525 2276 modum
549 2216 646 2279 dabat.
689 2217 773 2276 'lunc
796 2217 886 2276 etiam
908 2217 1042 2277 homines
1064 2217 1151 2278 obliti

132 2308 218 2364 erant
242 2305 338 2382 deum,
363 2305 405 2364 ita
428 2306 511 2382 quod
532 2307 601 2381 plus
624 2305 785 2366 secundum
810 2325 916 2383 pecora
940 2326 1030 2383 quam
1049 2325 1150 2366 secun·

133 2395 207 2454 dum
241 2394 331 2454 deum
358 2395 514 2456 faciebant.
560 2394 647 2454 Unde
677 2395 767 2454 multi
798 2396 893 2473 magis
924 2415 1033 2471 pecora
1061 2407 1150 2472 quam

132 2483 268 2542 homines
292 2483 464 2561 diligebant,
486 2485 530 2544 ita
553 2484 634 2561 quod
657 2485 747 2544 etiam
769 2485 924 2560 pecoribus
946 2489 1009 2544 tam
1025 2486 1149 2544 feminae
1163 2493 1190 2538 25

134 2591 224 2649 quam
249 2592 345 2632 mares
368 2573 424 2632 tali
447 2574 534 2634 modo
559 2573 824 2634 commiscebantur
839 2578 869 2633 et
884 2573 1149 2647 communicabant,

134 2661 217 2739 quod
243 2662 343 2740 imago
373 2662 420 2721 dei
449 2663 510 2722 iam
537 2682 629 2739 paene
651 2664 684 2721 iu
707 2665 748 2723 ais
772 2664 914 2724 destituta
937 2664 997 2723 fuit
1020 2662 1062 2743 [in
1085 2663 1151 2737 eis].

132 2751 173 2810 Et
205 2769 290 2810 omne
322 2770 415 2828 genus
448 2751 613 2811 humanum
643 2753 674 2810 in
702 2754 833 2811 monstra
859 2755 1093 2812 transmutatum
1120 2754 1151 2812 et

132 2840 391 2916 transformatum,
422 2841 465 2901 ita
496 2841 577 2918 quod
603 2841 692 2900 etiam
716 2841 810 2918 aliqui
832 2841 973 2901 hominos·
987 2842 1149 2902 secundum

135 2928 241 2988 bestias
256 2948 352 2989 mores
368 2933 398 2989 et
413 2948 498 2992 voces
514 2948 581 2990 suas
592 2930 752 2990 formantes
765 2932 984 2991 constituebant
995 2931 1148 3003 currendo,
1162 2937 1191 2985 30

136 3018 280 3078 ululando
304 3022 335 3078 et
356 3019 492 3081 vivendo.
527 3018 602 3078 Nam
624 3019 734 3079 bestiae
750 3025 780 3080 et
795 3039 901 3097 pecora
916 3024 984 3080 ante
1000 3021 1149 3081 diluvium

136 3111 234 3166 tantae
257 3107 425 3183 asperitatis
449 3109 581 3168 nondum
603 3109 740 3182 fuerunt,
771 3112 808 3169 ut
835 3111 938 3186 postea
965 3112 1043 3170 facta
1070 3111 1148 3170 sunt.

134 3195 194 3256 lien
218 3196 351 3256 homines
365 3198 419 3256 illa
432 3217 486 3258 nec
499 3199 553 3257 illa
566 3197 700 3258 homines
716 3198 879 3277 fugiebant,
902 3217 955 3258 nec
970 3200 1006 3258 ab
1021 3199 1148 3260 invicem

135 3287 274 3346 exterrita
300 3287 433 3350 luerunt.
477 3285 535 3347 Sed
562 3288 673 3347 bestiae
701 3292 732 3347 et
759 3307 865 3364 pecora
889 3307 957 3347 oum
979 3288 1149 3348 hominibus

134 3374 259 3434 libenter
281 3376 439 3436 manabant
462 3380 492 3437 et
518 3376 652 3436 homiues
680 3395 747 3436 oum
776 3378 850 3450 illis,
882 3378 964 3453 quod
996 3378 1085 3437 etiam
1117 3377 1148 3435 in
1161 3384 1189 3432 35

135 3463 228 3538 primo
261 3467 331 3525 ortu
361 3465 450 3524 simul
478 3464 623 3544 originem
655 3485 747 3542 paene
784 3471 983 3542 sumpserunt.
1029 3465 1088 3527 Sed
1119 3469 1149 3525 et

134 3549 240 3612 bestiae
261 3557 292 3614 et
313 3572 420 3630 pecora
441 3553 610 3616 lambebant
632 3555 765 3615 homines
788 3559 818 3616 et
836 3555 969 3614 homines
984 3555 1044 3631 illa,
1068 3556 1148 3614 unde
