2680 3938
378 185 521 242 chusar
541 185 587 241 ΕΤ
606 185 728 241 OURAE
746 186 814 242 LIB.
833 186 867 241 11.
1088 193 1127 252 37

100 371 198 449 quod
229 390 290 430 non
320 372 365 430 est
394 370 553 429 humidum
584 370 635 430 sed
669 390 816 442 amarum,
855 373 885 430 ot
916 369 999 447 quod
1030 389 1131 432 carnes

103 478 233 539 grossas
256 463 286 520 et
308 460 407 538 nigras
430 463 520 536 atque
541 460 673 519 infirmas
695 456 769 520 facit
790 461 821 518 in
844 459 1013 520 hominibus
1032 461 1130 536 pullu·

101 552 192 622 lare;
217 551 246 608 et
269 549 294 608 si
316 549 367 608 isti
389 568 407 607 a
422 549 599 608 comestione
614 549 774 626 pinguium
789 548 924 609 ciborum
939 568 970 609 se
985 550 1131 610 abstinere

103 639 275 710 noluerint,
299 637 385 697 facile
408 637 463 696 sibi
486 639 600 715 lepram
623 638 786 701 attrahunt.
830 637 888 698 Sed
910 641 941 698 ot
962 639 1130 699 amaritudo

104 728 247 788 eiusdem
269 726 415 804 flegmatis
442 727 516 787 facit
542 728 660 786 fumum
691 728 777 804 quasi
803 727 922 786 fumum
944 729 1157 788 melancoliaeo

105 819 192 878 oiroa
214 817 297 876 iecur
321 819 352 876 et
374 816 545 892 pulmonem
568 836 680 894 eorum,
707 817 829 877 atinde
851 820 921 877 sunt
943 817 1078 876 iracundi
1101 820 1131 878 et

103 905 256 977 immites,
289 907 378 981 atque
405 905 568 966 humiditas
595 907 713 966 sudoris
741 925 846 965 eorum
876 924 935 965 non
962 909 1007 966 est
1033 905 1130 966 sobria

105 996 164 1056 sed
186 995 314 1057 sordida
354 994 395 1053 llt
421 995 473 1054 isti
500 1014 558 1055 non
581 997 713 1056 multum
737 995 846 1055 debiles
869 998 947 1071 sunt,
970 996 1023 1054 sed
1043 996 1130 1070 probi

106 1086 186 1146 sunt
216 1086 247 1143 et
276 1083 400 1143 audaces
428 1087 520 1160 atque
548 1085 734 1160 tyrannidem
761 1087 791 1144 et
817 1085 1010 1160 rapacitatem
1031 1084 1063 1142 in
1085 1085 1130 1143 ira

106 1193 167 1234 sua
182 1172 295 1232 habent
310 1191 346 1232 ex
361 1173 561 1248 complexione
576 1174 643 1234 ista
665 1175 790 1252 Flegma
806 1177 905 1233 autem
922 1173 1129 1250 complexionis
1143 1184 1171 1229 ro

106 1263 203 1323 huius
226 1262 370 1339 quosdam
394 1280 498 1321 eorum
528 1261 587 1322 cito
617 1264 744 1323 conterit
776 1266 807 1323 et
840 1263 960 1339 oooidit,
992 1263 1063 1339 quia
1084 1263 1130 1322 vis

106 1353 174 1413 eius
197 1352 286 1412 fortis
306 1354 358 1423 est3
382 1351 526 1427 quosdam
542 1355 642 1412 autem
658 1352 845 1429 aliquamdiu
859 1353 959 1412 vivere
973 1351 1130 1428 permittit.

181 1445 228 1504 De
251 1441 478 1504 incontinentia.
512 1440 576 1500 Alii
598 1445 698 1501 autem
719 1441 853 1501 homines
875 1444 957 1514 sunt,
985 1442 1038 1518 qui
1060 1444 1131 1500 sunt

108 1532 141 1590 in
166 1530 371 1605 superfluitate
401 1533 526 1589 naturae
554 1533 584 1590 et
611 1529 707 1608 magis
733 1531 953 1606 incontinentes,
983 1530 1028 1590 ita
1049 1530 1130 1606 quod

109 1639 140 1680 se
164 1620 215 1680 vix
229 1621 355 1694 possunt
370 1618 516 1678 abstinere
531 1623 561 1679 et
577 1620 759 1696 quodetiam
775 1620 962 1696 aliquantum
976 1619 1126 1678 infirman·
1143 1627 1170 1674 15

108 1712 171 1769 tur.
217 1708 258 1768 Ilt
279 1707 311 1766 hi
332 1708 365 1766 in
387 1707 511 1767 humido
539 1709 676 1785 flegmate
700 1708 974 1786 superhabundant,
1005 1709 1077 1784 quia
1098 1710 1130 1767 in

112 1799 155 1858 eis
178 1797 318 1874 indignus
340 1797 449 1856 humor
471 1798 606 1874 exsurgit
633 1800 663 1858 et
690 1797 839 1875 quiahoc
861 1798 1002 1858 nocivum
1024 1797 1131 1875 flegma

110 1888 143 1946 in
167 1886 209 1945 eis
232 1886 423 1964 coagulatur,
448 1886 529 1963 quod
559 1887 672 1946 malum
703 1887 819 1946 fumum
852 1887 884 1944 in
911 1888 1015 1963 pectus
1043 1888 1073 1945 et
1099 1886 1131 1944 in

112 1976 266 2037 cerebrum
298 1994 401 2036 eorum
424 1976 545 2039 emittit.
589 1977 629 2035 nt
650 1977 815 2036 humiditas
836 1975 927 2036 huius
954 1974 1130 2051 fumigantis

111 2065 258 2142 flegmatis
273 2065 305 2123 in
319 2067 439 2140 pectore
454 2065 526 2124 facit
541 2065 682 2143 frigidam
696 2065 908 2125 humiditatem
921 2065 953 2123 in
968 2064 1128 2139 stomacho,
1142 2072 1171 2118 11

112 2158 142 2214 et
173 2153 335 2213 humiditas
368 2154 499 2213 eiusdem
530 2154 677 2232 flegmatis
708 2155 740 2213 in
767 2154 885 2214 cerebro
915 2155 1050 2213 attenuat
1081 2172 1130 2212 au-

113 2243 210 2302 ditum
225 2243 256 2301 in
281 2243 411 2318 auribus,
434 2243 478 2302 ita
502 2245 584 2319 quod
606 2243 638 2303 in
660 2243 811 2303 stomacho
834 2246 864 2303 et
886 2243 918 2302 in
940 2242 1063 2302 auribus
1087 2244 1132 2302 est

113 2332 196 2392 velut
219 2332 336 2391 inutilis
359 2331 475 2408 nebula,
505 2351 580 2407 quae
603 2332 695 2392 bonas
717 2331 823 2392 herbas
846 2335 876 2392 et
898 2332 990 2392 bonos
1013 2332 1130 2392 fructus

113 2421 213 2486 laedit.
256 2421 374 2480 atnoe
398 2421 477 2480 idem
500 2421 607 2499 flegma
629 2441 688 2482 non
716 2422 809 2482 laedit
836 2422 1025 2499 pulmonem,
1060 2421 1131 2498 quia

116 2510 218 2587 pulmo
232 2510 322 2569 etiam
334 2509 475 2570 humidus
490 2515 542 2586 est,
558 2511 610 2570 sed
624 2511 717 2570 laedit
733 2512 824 2588 splen,
841 2510 1004 2587 quiaillud
1019 2509 1130 2587 pingue
1143 2518 1172 2564 15

115 2602 158 2659 est
190 2603 221 2658 et
260 2598 469 2660 humiditatem
506 2601 622 2676 renuit,
662 2601 819 2676 quoniam,
859 2600 885 2658 si
921 2599 1130 2658 humiditatem

115 2688 242 2764 haberet,
266 2689 367 2748 statim
390 2688 533 2748 deflueret
548 2691 577 2748 et
593 2689 766 2765 liquefieret.
792 2688 894 2764 Atque
910 2689 998 2748 etiam
1014 2705 1065 2747 cor
1081 2688 1129 2747 de·

114 2777 220 2846 bilitat,
245 2777 316 2852 quia
340 2795 390 2838 oor
411 2778 562 2856 integram
584 2778 792 2838 fortitudinem
819 2796 936 2853 semper
956 2777 1079 2837 habebit
1100 2778 1130 2836 et

116 2862 423 2942 superhabundantcm
438 2867 650 2927 humiditatem
666 2885 782 2942 semper
797 2870 922 2929 recusat.
958 2865 1014 2926 Isti
1029 2869 1129 2926 autem

116 2955 150 3015 de
171 2956 370 3032 complexione
397 2955 453 3015 hac
475 2957 563 3016 mites
586 2975 620 3016 ao
641 2956 714 3016 laeti
735 2960 813 3032 sunt,
836 2956 887 3015 sed
902 2956 991 3032 tardi,
1016 2958 1046 3015 et
1061 2956 1126 3032 qui·
1142 2963 1170 3009 ³⁰

117 3044 181 3104 dam
207 3064 310 3104 eorum
333 3045 554 3121 aliquantulum
576 3046 629 3106 diu
644 3046 759 3118 vivunt,
783 3045 925 3122 quiahoc
947 3045 1056 3122 flegma
1079 3063 1129 3105 eos

118 3153 174 3194 non
196 3134 312 3210 occidit,
346 3153 401 3194 neo
423 3136 542 3194 omnino
566 3135 722 3194 sanitatem
747 3134 788 3194 eis
816 3134 876 3194 dat.
922 3133 998 3194 Sunt
1025 3137 1057 3193 et
1079 3134 1130 3192 alii

119 3223 254 3296 homines,
286 3223 338 3299 qui
369 3224 504 3283 iracundi
532 3228 612 3296 sunt,
644 3224 695 3284 sed
721 3224 797 3284 iram
828 3224 888 3285 oito
916 3222 1073 3283 dimittunt
1100 3225 1130 3282 et

118 3312 183 3372 boni
206 3315 277 3372 sunt
299 3315 330 3372 et
351 3313 430 3389 laeti,
453 3313 506 3373 sed
525 3313 637 3390 frigidi,
662 3315 751 3389 atque
774 3313 871 3374 varias
886 3316 999 3373 mentes
1021 3311 1130 3371 habent

119 3405 146 3461 et
172 3420 263 3477 parvo
296 3400 362 3462 cibo
394 3405 576 3466 saturantur.
620 3403 659 3462 ut
685 3402 717 3460 hi
745 3402 781 3461 de
807 3401 904 3461 tribus
931 3401 1128 3480 flegmatibus,
1142 3407 1170 3454 35

120 3490 224 3551 scilicet
255 3490 291 3550 de
321 3491 397 3551 sioco
427 3495 458 3552 et
488 3491 612 3551 humido
640 3493 730 3567 atque
759 3491 862 3567 tepido
884 3491 1023 3568 flegmate
1044 3490 1129 3550 velut

122 3598 254 3657 aquosam
277 3599 412 3658 spumam
435 3579 491 3640 sibi
519 3579 681 3656 attrahunt,
710 3598 787 3657 quae
814 3580 851 3639 de
874 3579 984 3639 eisdem
1005 3578 1128 3656 flegma-
