2668 3924
376 159 517 215 GAUSAE
537 158 585 212 ΕΤ
603 158 725 214 ΟΠΒΑΕ
744 159 811 213 LIB.
830 158 865 213 V.
1066 163 1128 222 223

112 344 148 402 ad
172 343 302 419 priorem
325 343 514 418 prudentiam
536 344 568 401 in
601 342 762 401 stabilitate
793 345 913 418 repente
948 341 1069 400 redierit
1099 346 1129 400 et

109 433 192 490 illam
217 433 260 492 ita
282 431 421 504 tennerit,
445 432 543 490 anima
564 450 674 506 pennas
696 431 918 506 rationalitatis,
948 449 1021 507 quas
1044 431 1127 507 prius

111 518 250 592 ostendit,
282 521 392 580 iterum
423 539 502 579 nuno
530 520 566 578 ad
598 520 692 581 vitam
724 520 914 594 demonstrat,
945 524 976 578 et
1007 520 1049 578 sio
1080 519 1131 578 ille

110 614 236 670 mortem
258 611 308 669 vix
331 610 443 669 evadet.

177 701 255 758 Item
278 700 313 759 da
335 700 440 759 mortis
462 700 558 773 siquo,
603 697 661 757 Sed
676 701 707 756 et
720 698 779 773 ille,
804 698 856 772 qui
872 698 901 755 in
919 697 1157 756 eonsuetudinet

113 807 228 864 semper
250 788 391 864 insipiens
414 792 444 847 et
465 787 637 864 imprudens
660 787 728 862 fuit,
752 806 821 846 oum
843 787 999 845 sanitatem
1021 786 1052 844 in
1068 804 1130 845 oor-

110 896 185 954 pore
207 877 322 949 habuit,
345 877 376 934 in
398 877 451 935 illo
476 878 572 935 anima
594 895 705 952 pennas
728 875 938 935 rationalitatis
962 875 999 934 ad
1021 875 1131 949 perfac-

110 971 178 1026 tum
202 985 260 1026 non
276 966 419 1038 ostendit3
445 969 475 1024 εὴ
490 967 515 1025 si
530 967 561 1024 in
576 965 748 1024 infirmitate
764 965 806 1024 sia
829 963 1026 1040 intelligibilis
1049 967 1079 1022 et
1100 965 1131 1022 in

111 1054 214 1115 eodem
236 1056 390 1114 intellectu
413 1056 615 1131 permanserit,
640 1074 706 1114 oum
723 1054 846 1112 inlecto
862 1053 996 1112 infirmus
1012 1053 1129 1112 deoum·

111 1145 164 1216 bit,
188 1145 334 1203 moriatur
357 1147 387 1203 et
410 1163 468 1202 non
491 1145 581 1218 rivet,
611 1145 751 1220 quoniam
775 1143 872 1201 anima
894 1143 1079 1201 intellectum
1102 1145 1131 1200 et
1144 1154 1173 1199 10

110 1235 181 1304 vias,
206 1252 278 1309 quas
300 1234 331 1291 in
355 1234 413 1291 alia
436 1234 499 1293 vita
521 1233 660 1292 habitura
675 1237 727 1304 est,
750 1233 856 1290 iamin
872 1233 953 1306 exitu
968 1249 1022 1290 suo
1038 1231 1129 1289 mani·

109 1323 208 1384 festat.
255 1321 314 1392 Qui
345 1341 423 1397 vero,
455 1341 522 1381 oum
552 1341 641 1381 sanus
669 1325 751 1394 esset,
785 1340 900 1396 semper
929 1320 1068 1395 insipiens
1100 1325 1130 1380 et

108 1412 282 1487 imprudens
304 1411 371 1483 fuit,
396 1412 477 1488 quod
502 1412 598 1470 anima
620 1413 651 1469 in
674 1431 708 1469 ea
730 1429 840 1486 pennas
862 1409 1071 1469 rationalitatis
1094 1409 1130 1468 ad

110 1502 232 1576 plenum
255 1519 313 1559 non
337 1500 484 1576 expandit,
517 1503 547 1560 et
568 1499 704 1558 infirmus
735 1500 931 1576 intelligibilis
954 1499 1000 1558 fit:
1033 1499 1131 1557 anima
1186 1541 1187 1546 κ

110 1590 147 1648 ad
178 1589 362 1648 intellectum
398 1595 428 1648 et
460 1590 497 1648 ad
534 1591 597 1648 vias
637 1590 760 1648 alterius
790 1590 870 1648 vitae
902 1607 932 1648 se
959 1591 1128 1664 praeparat;
1143 1599 1169 1644 15

110 1679 161 1738 sed
192 1679 218 1737 si
249 1678 353 1736 deinde
383 1679 414 1737 in
437 1679 500 1754 ipsa
523 1678 695 1737 infirmitate
719 1678 755 1735 ad
778 1677 907 1752 priorem
930 1677 1129 1752 insipientiam

18 1763 19 1786 ¹
112 1771 233 1843 repente
262 1767 384 1826 redierit
416 1771 446 1826 et
473 1768 505 1825 in
531 1769 586 1826 illa
617 1769 659 1826 sio
688 1766 890 1842 permanserit,
922 1770 1048 1825 mortem
1080 1767 1129 1826 vix

111 1857 223 1928 evadet,
257 1854 396 1931 quoniam
428 1857 525 1915 anima
556 1856 594 1914 ad
624 1859 799 1916 consuetum
826 1857 923 1914 looum
948 1857 978 1913 et
1000 1855 1038 1913 ad
1061 1873 1127 1913 aon·

109 1950 228 2005 suetum
251 1948 372 2017 statum,
403 1965 491 2021 quem
518 1946 602 2021 prius
624 1947 656 2004 in
679 1946 779 2004 eodem
807 1963 930 2020 corpore
958 1944 1072 2018 habuit,
1099 1962 1128 2002 se

110 2036 220 2094 iterum
243 2035 357 2110 recipit,
382 2035 463 2110 quod
486 2035 522 2093 de
546 2035 597 2093 illo
621 2035 753 2093 nondum
777 2033 876 2096 exibit.
1141 2043 1169 2088 20

179 2125 224 2183 Da
245 2125 342 2202 pulsu
370 2128 397 2182 et
424 2125 500 2183 vitoe
523 2125 628 2198 siquis.
688 2123 723 2182 In
753 2141 940 2198 quacumque
978 2122 1058 2181 enim
1086 2123 1128 2180 in·

113 2213 286 2271 infirmitate
318 2213 406 2272 homo
437 2213 469 2271 in
498 2214 574 2272 laeto
607 2214 712 2288 iaceat,
742 2213 767 2270 si
798 2213 830 2270 in
861 2231 936 2271 vena
962 2212 994 2269 in
1021 2211 1125 2270 dextro

114 2301 234 2360 brachio
258 2302 321 2360 eius
345 2303 466 2377 pulsum
489 2302 623 2360 ordinata
647 2305 677 2361 et
699 2305 862 2377 temperate
884 2301 948 2372 dat,
962 2297 1007 2358 'ut
1028 2299 1125 2376 homo,

18 2381 19 2388 ἵ
114 2391 167 2466 qui
191 2391 318 2450 halitum
344 2409 432 2450 suum
453 2391 585 2450 ordinate
611 2394 640 2450 at
664 2394 827 2466 temperate
848 2391 1012 2448 introrsum
1035 2390 1127 2449 trahit

113 2482 143 2538 et
170 2480 294 2540 emittit:
323 2481 404 2539 vivet
431 2484 461 2538 et
483 2499 542 2538 non
566 2481 718 2541 morietur.
763 2477 838 2537 Nam
862 2480 996 2554 quamvis
1017 2491 1166 2555 magnate

112 2568 268 2627 infirmitas
293 2568 328 2627 de
352 2569 523 2628 ardentibus
545 2569 678 2629 febribus
700 2570 862 2627 humorum
884 2569 914 2626 in
937 2567 1055 2626 bomine
1077 2569 1125 2643 sit,

112 2658 211 2715 anima
229 2661 327 2717 tamen
349 2658 481 2718 ordinate
497 2658 617 2717 modum
641 2657 809 2735 spiraminis
832 2658 879 2715 sui
901 2657 932 2715 in
956 2675 986 2715 se
1009 2657 1125 2732 retinet,

18 2787 19 2806 r
113 2763 181 2803 aum
212 2744 248 2804 de
276 2765 397 2822 corpore
429 2747 544 2806 exitura
575 2767 633 2806 non
667 2752 722 2820 est,
757 2750 787 2805 et
814 2746 879 2805 ideo
907 2746 1012 2822 pulsus
1035 2765 1126 2806 venae

115 2834 267 2893 ordinatus
284 2839 314 2894 et
334 2840 516 2911 temperatus
532 2840 583 2913 est,
608 2837 690 2913 quod
706 2836 803 2895 anima
825 2855 930 2896 venam
953 2835 990 2894 ad
1013 2836 1125 2894 exitum

18 2983 19 2992 ,
112 2941 172 2982 non
195 2927 303 2985 movet.
1140 2938 1169 2983 30

178 3012 256 3071 Item
288 3014 323 3072 de
354 3015 459 3074 mortis
488 3016 593 3089 ripula
654 3013 685 3073 Si
720 3019 821 3074 antem
852 3035 927 3074 vena
960 3015 991 3072 in
1016 3014 1125 3073 dextro

18 3155 19 3158 ,
113 3101 234 3160 braebio
262 3101 438 3162 infirmantis
465 3104 591 3163 bominis
620 3104 753 3180 festinat,
787 3107 823 3163 ut
851 3105 955 3178 homo,
987 3104 1039 3179 qui
1067 3104 1126 3161 iam

18 3200 19 3236 l
111 3191 315 3267 praeparando
339 3191 513 3263 suffocatur,
543 3195 572 3252 et
593 3193 677 3252 nullo
700 3193 762 3252 iotu
786 3197 890 3254 oessat:
918 3194 966 3251 hio
988 3192 1124 3263 moritur,

18 3323 19 3328 κ
111 3279 253 3356 quoniam
281 3281 378 3338 anima
405 3281 442 3339 ad
470 3282 582 3340 exitum
610 3283 741 3358 cogitur3
776 3287 806 3341 et
833 3286 904 3341 tune
935 3283 988 3340 illa
1018 3280 1124 3339 blande

110 3387 215 3427 venam
243 3373 343 3429 movet
370 3373 401 3429 et
428 3389 458 3429 se
487 3371 523 3429 ab
550 3371 603 3429 illa
630 3371 730 3447 solvit,
759 3370 838 3430 unde
862 3371 967 3447 pulsus
996 3370 1058 3429 aius
1087 3371 1124 3429 ad
1139 3382 1166 3427 35

112 3461 238 3517 mortem
261 3462 333 3518 tuno
356 3459 484 3522 festinat.

175 3549 253 3607 Item
276 3549 312 3608 de
334 3550 410 3608 vitoe
432 3550 536 3623 siparia.
583 3548 640 3608 Sed
667 3550 693 3608 si
721 3549 822 3608 eadem
850 3567 922 3607 vena
949 3549 1027 3607 inter
1048 3547 1124 3608 hano
