2662 3932
417 135 557 192 crusna
576 136 624 191 nr
642 135 761 192 ousae
780 111 846 192 urs.
866 139 900 193 11.
1125 144 1166 203 91

140 321 238 380 velut
260 337 364 380 succus
386 336 543 395 pomorum
565 325 622 396 est,
649 320 711 380 sine
740 321 822 380 arido
850 321 914 382 cibo
942 322 1026 399 panis
1054 322 1170 398 saepius

142 413 301 469 comestus
336 409 469 469 dolorem
502 411 620 485 capitis
641 409 753 471 homiui
789 411 939 470 interdum
976 411 1079 482 infert,
1117 413 1170 487 qui

140 503 249 558 tamen
278 499 337 558 cito
365 498 497 574 sedatur,
528 500 669 575 quoniam
701 499 736 558 de
767 499 827 558 leni
853 517 940 559 succo
963 500 1067 564 oritur.
1113 500 1170 560 Sed

144 593 180 648 et
203 589 311 665 flegma
331 589 363 646 in
378 587 497 648 homine
512 589 685 648 multotiens
706 587 948 664 superhabundat
968 589 1055 649 etita
1071 608 1168 650 exsur-

135 679 201 755 -git
233 681 264 736 et
295 677 331 735 ad
364 680 455 753 caput
476 677 558 737 illius
589 678 686 737 tendit
708 680 737 736 et
767 695 856 738 venas
885 681 1062 754 temporum,
1092 687 1196 754 quae5

143 768 280 826 frontem
300 767 478 842 confortant,
501 767 634 826 concutit
656 771 687 826 et
709 766 751 826 sic
773 767 901 827 frontem
922 767 1022 826 dolere
1045 767 1125 827 iacit.

217 855 262 915 De
284 857 436 930 ocrtipiue.
482 854 557 914 Cum
581 857 670 915 etiam
692 855 781 915 homo
805 856 915 932 absque
943 856 1167 932 magistratione

145 944 301 1004 doctrinae
332 945 518 1021 superiorum
551 947 582 1004 et
608 945 670 1004 sine
692 945 755 1004 ulla
777 946 950 1005 necessitate
979 963 1033 1021 per
1064 945 1168 1005 volun-

145 1037 243 1093 tatem
264 1051 348 1092 suam
371 1035 508 1109 plurimis
531 1037 561 1093 et
587 1033 711 1094 diversis
739 1034 969 1111 cogitationibus
997 1034 1169 1110 frequenter

147 1125 322 1199 occupatur,
343 1121 400 1182 iste
422 1122 596 1182 humoribus
618 1127 734 1183 rectum
755 1124 814 1182 iter
833 1123 940 1198 aufert,
963 1123 1006 1182 ita
1021 1123 1102 1199 quod
1118 1124 1168 1182 ille
1184 1131 1210 1176 10

145 1212 300 1272 interdum
332 1231 483 1288 praeceps,
515 1212 664 1288 interdum
691 1212 795 1272 tardus
822 1213 932 1289 absque
959 1215 1039 1272 recto
1067 1212 1169 1272 ordine

147 1319 205 1360 suo
241 1305 336 1376 (est),
366 1304 397 1359 et
425 1300 491 1360 ideo
519 1304 610 1378 caput
636 1302 767 1361 eiusdem
790 1301 917 1362 hominis
939 1301 970 1359 in
991 1301 1169 1379 vertiginem

146 1390 286 1462 vertitur,
310 1391 352 1449 ita
374 1390 456 1467 quod
478 1391 600 1450 seientia
622 1393 653 1449 et
676 1408 776 1450 sensus
798 1391 880 1451 illius
903 1394 1092 1452 evacuantur.

217 1478 262 1538 De
284 1480 424 1539 amentio.
469 1479 509 1538 Et
536 1498 603 1538 cnm
635 1480 803 1554 praedictae
829 1485 925 1556 pestes
951 1481 1042 1539 simul
1068 1499 1168 1540 omnes

36 1563 39 1569 ’
147 1568 353 1640 convenerint,
384 1569 427 1627 ita
459 1569 540 1644 quod
568 1570 599 1628 in
631 1569 726 1645 capite
760 1569 887 1629 hominis
919 1569 1008 1628 simul
1041 1570 1167 1642 firmant
1183 1577 1209 1622 15

147 1656 298 1716 hominem
320 1658 406 1716 illum
429 1657 461 1715 in
484 1658 642 1717 amentiam
665 1658 780 1718 ducunt
801 1661 831 1716 et
853 1662 992 1718 evertunt
1006 1662 1037 1718 et
1050 1659 1167 1718 inanem

146 1748 246 1805 rectae
268 1745 405 1806 scientiae
427 1747 553 1822 faciunt,
581 1747 666 1806 velut
693 1766 759 1806 cum
783 1747 865 1806 navis
887 1767 905 1806 a
926 1747 1063 1823 procellis
1085 1751 1168 1808 mota

146 1834 359 1911 confringitur.
383 1834 470 1894 Unde
481 1836 570 1894 multi
582 1839 692 1912 putant
705 1837 804 1912 ipsum
816 1857 833 1894 a
844 1836 985 1895 daemone
1000 1853 1167 1912 possessum

145 1941 225 1996 esse3
248 1924 328 2001 quod
349 1943 408 1983 non
430 1929 488 1997 est3
515 1924 566 1983 sed
589 1925 743 1985 daemones
765 1925 835 1984 huic
856 1927 934 2001 pesti
956 1929 987 1984 et
1002 1925 1097 1985 dolori
1121 1945 1167 1986 ae·

146 2017 275 2072 eumont
298 2017 329 2073 et
351 2013 471 2073 insidias
494 2018 619 2089 ponunt,
642 2014 802 2073 secundum
823 2014 903 2090 quod
925 2014 1167 2074 officiainsaniae
1180 2021 1208 2067 20

146 2120 252 2161 eorum
275 2105 358 2176 sunt;
386 2106 417 2161 et
443 2107 543 2162 tamen
565 2103 777 2179 proprietatem
799 2104 958 2163 verborum
980 2122 1102 2163 suorum
1124 2103 1167 2162 ibi

146 2209 207 2250 non
229 2190 354 2262 habent,
384 2193 525 2268 quoniam
547 2191 636 2251 homo
659 2193 710 2251 ille
733 2211 750 2250 a
773 2193 914 2252 daemone
936 2197 1086 2269 possessus
1108 2212 1167 2252 non
1264 2189 1267 2198 ’

147 2282 200 2339 est.
245 2278 320 2338 Nam
343 2281 369 2340 si
385 2281 507 2340 daemon
523 2281 736 2357 proprietatem
751 2281 910 2341 verborum
926 2300 1048 2342 suorum
1066 2283 1167 2342 divina

145 2369 338 2446 permissione
366 2370 398 2428 in
421 2369 521 2445 aliquo
551 2370 670 2429 homine
692 2370 839 2448 babuerit,
867 2371 964 2447 spolia
990 2389 1044 2430 sua
1069 2372 1166 2432 verbis

145 2464 179 2518 et
193 2457 279 2518 furiis
293 2457 337 2516 ibi
351 2459 383 2516 iu
399 2459 464 2518 loco
479 2459 602 2536 spiritus
617 2460 711 2518 sancti
725 2464 787 2518 tam
804 2460 856 2518 diu
871 2463 992 2536 exercet,
1008 2478 1165 2537 quousque
1179 2469 1206 2512 25

145 2547 220 2606 deus
241 2547 329 2606 illum
350 2547 481 2624 expellit,
508 2548 759 2623 quemadmodum
786 2549 822 2608 de
850 2550 929 2608 eaelo
953 2568 1021 2608 oum
1044 2550 1165 2625 expulit.

213 2636 261 2696 De
283 2637 407 2696 cerem.
454 2635 613 2696 Gerebrum
637 2656 654 2696 a
676 2638 759 2698 bonis
783 2643 813 2696 et
836 2658 853 2696 a
875 2639 961 2697 malis
981 2637 1183 2707 humoribus·

146 2725 254 2802 quiin
282 2725 401 2784 homine
423 2729 501 2801 sunt,
528 2727 676 2803 tangitur3
709 2745 743 2786 ao
772 2726 840 2787 ideo
870 2745 985 2803 semper
1015 2727 1105 2786 molle
1135 2731 1166 2787 et

146 2815 305 2874 humidum
332 2817 385 2879 est.
430 2814 516 2885 Quod
546 2815 572 2874 si
603 2816 680 2875 forte
708 2816 867 2892 aliquando
895 2817 1069 2889 exsiccatur,
1097 2835 1165 2876 mox

146 2904 179 2962 iu
208 2903 410 2963 infirmitatem
441 2903 570 2964 ducitur.
613 2903 716 2980 Ipsum
738 2905 816 2964 enim
838 2905 924 2966 valde
954 2907 1111 2965 humidum
1135 2910 1206 2966 etto

147 2992 258 3070 pingue
296 2993 474 3052 naturaliter
512 2996 556 3052 est
591 3012 625 3053 ao
658 2994 746 3054 etiam
783 2998 828 3054 est
862 2996 987 3054 materia
1018 2995 1164 3070 scientiae,

150 3081 311 3158 sapientiae
342 3085 374 3141 et
405 3082 571 3142 intellectus
600 3082 740 3155 hominis,
771 3087 808 3143 ut
837 3083 909 3144 haec
942 3084 1103 3146 emittendo
1135 3089 1165 3144 et

148 3170 323 3230 retrahendo
352 3170 512 3244 contineat;
548 3171 600 3233 sed
631 3174 661 3230 et
690 3172 769 3232 vires
803 3173 1018 3250 cogitationum
1049 3173 1164 3234 retinet.

152 3257 350 3337 Cogitationes
372 3263 472 3319 autem
495 3279 562 3320 cum
586 3261 617 3320 in
640 3261 728 3320 eorde
757 3261 872 3336 sedent,
903 3267 956 3322 aut
985 3263 1164 3323 suavitatem

149 3351 201 3407 aut
224 3348 451 3408 amaritudinem
474 3348 596 3422 habent3
627 3349 756 3411 suavitas
778 3369 848 3412 vero
877 3350 1029 3414 cerebrum
1056 3352 1160 3428 impin·
1177 3361 1203 3406 35

128 3435 223 3514 ‘guat
252 3441 283 3497 et
317 3438 483 3498 amaritudo
515 3458 583 3498 eum
618 3443 750 3502 evacuat.
794 3441 834 3499 Et
868 3440 1021 3500 cerebrum
1056 3441 1163 3500 itinera

153 3526 239 3586 habet
271 3530 308 3587 ut
340 3527 501 3586 fumarium
535 3528 693 3604 foramina,
729 3524 784 3589 ubi
816 3529 917 3588 fumus
951 3529 1100 3606 educitur,
1133 3534 1164 3589 et
