2662 3932
222 201 285 262 130
523 171 526 186 '
606 193 852 251 uuouonuuis
1215 167 1241 222 ⁹

221 380 341 456 guinem
364 379 401 438 ad
423 399 526 438 venam
549 380 666 454 minuit,
689 379 839 439 interdum
864 383 968 452 cessat,
996 381 1039 439 ita
1063 384 1093 440 et
1114 380 1167 440 iste
1188 381 1231 438 fa-

221 469 288 542 ciat,
320 469 372 545 qui
405 472 556 528 cocturam
587 474 683 545 parat.
728 468 767 528 ut
801 487 868 528 cum
900 469 1088 544 aliquantum
1116 473 1232 545 tempus

220 559 251 616 in
274 557 321 616 die
344 558 509 634 cessaverit,
532 559 641 618 iterum
664 577 694 617 ee
718 561 835 634 coquat.
881 557 939 628 Qui
962 562 1062 618 autem
1085 562 1231 618 cocturam
1310 559 1311 562 ’

220 647 300 722 facit,
323 666 453 722 pannum
474 646 510 705 de
526 649 635 707 canabo
652 650 750 706 sumat
765 650 796 706 et
811 666 879 706 eum
894 646 942 706 vel
957 650 1004 706 ter
1018 648 1066 706 vel
1081 651 1183 724 quater
1198 649 1231 706 in
1310 715 1311 724 χ

194 747 287 796 ecera
308 736 437 813 intinget
461 739 491 794 et
513 755 602 812 super
624 737 764 796 corticem
787 737 823 795 de
845 737 922 795 ulice
945 740 1046 812 ponat,
1070 737 1230 813 quiscum

221 843 288 885 cera
297 843 386 901 super
398 829 548 884 cocturam
560 826 678 885 fortiter
689 826 773 900 iacet,
789 829 820 884 et
831 829 967 884 cocturae
983 830 1172 902 superponat,
1185 827 1230 885 ita

221 914 302 991 quod
314 915 392 973 omni
404 918 488 990 parte
500 933 612 990 pannus
628 915 679 973 ille
695 916 832 974 corticem
849 915 978 976 excedat.
1005 915 1045 974 Et
1061 916 1103 975 sic
1118 933 1231 992 paunus

219 1004 270 1062 ille
293 1004 434 1063 foetorem
458 1007 594 1063 cocturae
617 1004 754 1075 continet,
777 1023 813 1063 ne
832 1003 983 1080 procedat.
1021 1002 1098 1063 Nam
1122 1007 1230 1080 quanto

219 1094 289 1168 plus
311 1092 407 1152 foetor
428 1094 460 1151 in
482 1095 604 1152 coctura
630 1093 810 1168 continetur,
833 1111 870 1151 ne
894 1093 1026 1152 multum
1039 1095 1230 1168 extendatur,

180 1192 208 1237 10
219 1185 304 1241 tanto
320 1183 388 1257 plus
411 1182 488 1240 livor
507 1183 672 1241 extrahitur
691 1185 721 1240 et
735 1201 795 1240 non
810 1182 938 1258 sanguis.
973 1181 1005 1240 Si
1021 1185 1121 1241 autem
1135 1183 1231 1242 foetor

220 1273 357 1330 cocturae
368 1270 545 1342 extenditur,
560 1271 603 1330 ita
620 1271 700 1347 quod
717 1290 775 1331 non
792 1272 969 1342 continetur,
985 1273 1058 1330 tuuc
1069 1275 1152 1331 tanto
1164 1271 1230 1347 plus

220 1361 370 1436 sanguinis
393 1359 428 1417 de
451 1363 571 1418 coctura
594 1361 746 1437 egreditur
767 1363 797 1419 et
816 1362 900 1419 tanto
920 1361 988 1435 plus
1008 1361 1087 1420 livor
1109 1360 1231 1420 interius
1311 1407 1312 1414 ,

219 1451 326 1509 menet.
359 1448 399 1507 ut
422 1453 518 1508 cortex
541 1449 576 1509 de
595 1468 687 1524 cupro
708 1468 797 1525 super
812 1454 961 1509 cocturam
982 1467 1041 1508 nou
1056 1451 1146 1521 valet,
1163 1450 1232 1526 quia

220 1556 324 1596 succus
351 1538 437 1615 cupri
463 1525 627 1598 contrarius
654 1542 699 1598 est
730 1539 811 1598 carni
841 1539 976 1599 hominis.
1023 1537 1081 1598 Sed
1108 1543 1139 1598 et
1165 1558 1233 1598 cum

179 1635 207 1681 15
220 1628 385 1703 panniolus,
409 1628 462 1704 qui
485 1646 575 1703 super
598 1633 747 1688 cocturam
767 1628 898 1704 ponitur,
920 1629 979 1686 iam
1002 1630 1108 1703 plenus
1131 1632 1176 1688 est
1195 1628 1231 1686 li-

219 1715 308 1791 veris,
332 1717 375 1776 ita
391 1718 471 1793 quod
486 1718 643 1791 panniolus
658 1718 710 1776 ille
727 1719 762 1777 de
776 1717 871 1776 livore
886 1718 1041 1792 concaluit,
1056 1719 1129 1776 tunc
1143 1717 1230 1777 homo

218 1805 392 1881 panniolum
414 1807 501 1865 illum
524 1806 559 1865 de
582 1811 702 1866 coctura
725 1807 840 1864 auferat
868 1810 898 1865 et
926 1807 1018 1864 elium
1045 1811 1230 1882 superponat,

220 1894 300 1971 quod
327 1896 351 1954 si
378 1898 450 1954 tunc
480 1915 570 1971 super
597 1898 747 1960 cocturam
778 1896 891 1955 diutius
921 1896 1055 1970 iacuerit,
1086 1895 1232 1967 humores,

219 1985 272 2059 qui
294 1987 366 2044 tunc
388 1985 430 2044 ibi
454 1986 572 2044 attracti
594 1987 671 2060 sunt,
697 1988 840 2045 crescunt.
885 1984 916 2043 Si
940 1989 1040 2044 autem
1060 1986 1232 2060 panniolum

174 2081 202 2126 uo
219 2072 305 2131 illum
331 2074 499 2150 abstulerit,
531 2077 689 2149 antequam
716 2075 809 2134 livore
836 2074 1005 2149 incaluerit,
1036 2093 1106 2132 eum
1134 2075 1232 2150 laedit,

220 2162 291 2237 quia
312 2163 400 2237 livor,
433 2163 484 2238 qui
510 2181 540 2222 se
563 2163 636 2221 illuc
663 2165 908 2240 congregaverat,
941 2164 971 2221 in
1004 2180 1121 2222 carnem
1149 2164 1233 2228 redit.

286 2251 330 2309 Dc
368 2253 559 2311 excreatione.
619 2250 675 2310 Sed
715 2251 963 2328 quemadmodum
1000 2254 1081 2310 terra
1119 2271 1233 2329 semper

219 2338 342 2397 humida
366 2345 410 2399 est
433 2345 463 2399 et
485 2344 521 2399 ut
543 2341 639 2399 multa
662 2340 773 2400 foetida
788 2344 818 2401 et
832 2344 867 2399 ut
885 2341 980 2400 multa
993 2341 1115 2398 inutilia
1130 2341 1168 2401 de
1182 2343 1233 2400 illa
1312 2383 1313 2394 ,

220 2428 371 2500 exsudant,
395 2429 444 2517 sic,
461 2430 549 2489 etiam
572 2429 661 2488 homo
677 2431 708 2488 iu
731 2448 816 2489 carne
839 2449 893 2488 sua
914 2430 1055 2488 humidus
1083 2450 1126 2505 ea,
1158 2449 1232 2508 quae

179 2517 331 2576 utfoetida
363 2524 393 2577 et
419 2519 542 2595 putrida
563 2520 595 2577 in
617 2520 682 2595 ipso
705 2523 783 2594 sunt,
815 2538 869 2594 per
900 2519 1114 2578 excreationem
1144 2520 1182 2579 de
1204 2539 1232 2580 se

219 2607 295 2677 eicit,
320 2607 399 2683 quod
424 2608 552 2667 delimo
575 2612 673 2668 terram
696 2612 748 2671 est.
793 2609 832 2666 Et
861 2609 886 2668 si
917 2612 996 2667 terra
1025 2609 1148 2667 humida
1175 2627 1232 2668 uon

220 2699 306 2767 esset,
329 2697 436 2756 fertilis
459 2699 490 2755 in
512 2697 660 2756 fructibus
674 2717 734 2756 non
750 2698 902 2756 exsisteret
917 2699 967 2757 sed
983 2697 1073 2771 aride,
1095 2697 1139 2756 ita
1153 2699 1233 2774 quod

220 2783 319 2858 homo,
343 2786 367 2843 si
392 2786 599 2846 humiditatem
622 2788 652 2845 in
676 2805 706 2846 se
731 2806 786 2846 non
810 2786 938 2858 haberet,
961 2787 1129 2845 inflexibilis
1149 2792 1180 2847 et
1193 2788 1233 2846 iu-

217 2872 389 2933 fructuosus
412 2875 448 2933 ad
472 2895 606 2952 quaeque
629 2895 719 2951 opera
740 2875 826 2937 foret.

178 2969 206 3016 ao
235 3013 237 3016 .
286 2964 333 3021 Dc
355 2965 475 3023 calmae
497 2967 574 3039 igue.
619 2966 728 3024 Anima
751 2967 848 3024 autem
872 2965 999 3024 hominis
1021 2965 1110 3041 ignea
1133 2967 1177 3024 est
1204 2969 1232 3024 et

218 3054 348 3127 quatuor
371 3053 514 3113 elementa
538 3055 573 3112 ad
598 3073 627 3113 se
651 3054 744 3112 trahit
767 3058 796 3113 et
823 3055 854 3113 in
881 3053 937 3112 hoc
965 3054 1054 3112 etiam
1081 3053 1154 3113 facit
1180 3054 1230 3113 ho·

217 3141 326 3199 minem
350 3141 474 3201 circuire
497 3143 563 3202 visu
586 3147 615 3202 et
638 3144 743 3202 auditu
776 3162 809 3202 ec
841 3143 987 3202 similibus
1016 3142 1130 3202 actibus
1161 3144 1231 3207 eius.

217 3229 258 3289 ut
280 3230 376 3289 anima
399 3236 443 3290 est
466 3232 610 3308 quaedam
633 3234 677 3292 vis
701 3233 731 3291 in
754 3233 880 3306 homine,
911 3235 947 3291 ut
977 3232 1054 3308 ignis
1084 3232 1116 3290 in
1148 3250 1229 3308 aqua,

218 3319 299 3394 quod
321 3319 410 3379 homo
434 3321 495 3380 sine
518 3324 616 3380 anima
639 3322 738 3381 vivere
760 3341 819 3381 non
843 3325 954 3398 posset,
984 3325 1020 3380 ut
1042 3321 1132 3379 etiam
1155 3341 1230 3397 aqua

176 3415 204 3462 ³5
218 3408 327 3484 absque
349 3409 417 3486 igne
440 3411 531 3471 fluere
553 3431 612 3471 nou
628 3412 748 3482 valeret,
771 3412 796 3471 si
819 3431 886 3470 eum
911 3411 941 3468 in
966 3429 996 3469 se
1018 3428 1076 3470 non
1099 3411 1228 3470 sentiret

284 3500 329 3558 Dc
350 3501 454 3560 saliva.
493 3501 550 3560 Sed
574 3502 671 3560 anima
700 3502 762 3561 vim
785 3520 883 3576 unam,
907 3500 1019 3560 scilicet
1041 3500 1173 3570 salivam,
1200 3501 1230 3558 iu

217 3587 334 3648 homine
355 3589 391 3648 de
410 3606 488 3671 aqua
508 3591 608 3668 sumit,
631 3609 699 3650 cum
715 3610 792 3666 aqua
808 3589 1038 3650 rationalitatem
1054 3589 1092 3647 ad
1107 3590 1227 3664 loqueu-
