2668 3924
352 195 494 251 causta
513 194 559 250 ΕΤ
578 195 701 252 OURAE
720 195 787 252 LIB.
805 197 855 252 Ill.
1055 199 1116 260 167

99 401 158 442 nae
179 380 294 440 similae
317 383 347 440 et
369 379 535 457 frigiditate
558 379 616 439 olei
644 380 798 456 papaveris
827 381 1010 455 temperatus
1040 378 1120 440 hunc

101 471 236 531 dolorem
267 467 372 546 capitis
403 467 499 540 sedat,
531 471 561 528 et
592 469 771 528 fermentum
803 467 859 528 hoc
888 468 976 528 morlo
1006 468 1119 529 factum

99 560 223 622 cerebro
247 557 458 636 pinguedinem
479 557 586 620 reddit.

172 651 219 710 Dc
241 649 349 722 capitis
370 647 470 707 dolore
492 663 528 707 cc
550 647 694 709 stomachi
714 647 893 719 fumositate.
931 645 1006 706 (lum
1028 645 1119 721 cibus,

100 739 158 814 qui
185 736 338 796 madidum
369 754 491 796 succum
521 736 619 811 babet,
650 735 801 796 hominem
830 735 861 793 in
893 736 989 813 capite
1019 735 1148 796 doleret

99 827 185 902 tacit,
209 826 261 885 ille
284 826 407 887 salviam
430 828 460 884 et
484 825 640 902 origanum
663 844 697 885 ac
718 824 880 884 feniculum
910 825 1028 900 aequali
1049 844 1120 901 pon·

101 916 173 976 dere
206 915 329 991 accipiat
362 917 392 974 et
414 914 558 974 marrubii
581 915 649 990 plus
673 934 763 991 quam
785 913 894 973 horum
917 913 1050 974 omnium
1072 914 1120 988 sit,

102 1009 135 1065 et
159 1004 197 1064 ad
218 1022 340 1064 succum
363 1003 500 1064 contritis
522 1003 667 1081 butyrum
690 1003 872 1063 sufficienter
899 1002 1001 1076 addat3
1024 1002 1072 1062 vel
1096 1004 1121 1061 si

102 1094 183 1154 illud
205 1112 264 1153 non
287 1092 433 1167 habuerit,
456 1093 559 1153 arvina
580 1092 682 1152 addita
704 1112 738 1152 ax
760 1092 808 1154 his
830 1094 1017 1169 unguentum
1031 1092 1122 1151 faciat

103 1187 197 1258 atque
221 1200 289 1241 cum
311 1183 368 1242 hoc
391 1185 483 1257 caput
508 1182 643 1258 inungat,
675 1186 705 1242 et
736 1182 842 1242 melius
872 1180 1001 1246 habebit
1045 1180 1164 1240 Nam10

101 1272 199 1332 salvia
220 1274 250 1330 et
273 1271 431 1349 origanum
453 1289 487 1329 ao
509 1270 697 1331 marrubium
725 1271 817 1331 siccam
845 1274 969 1330 naturas
994 1274 1065 1331 sunt
1092 1273 1122 1330 et

102 1361 170 1420 idco
192 1361 359 1436 praedictos
381 1377 485 1420 succos
507 1361 663 1432 exsiccant;
686 1378 791 1420 aucam
806 1364 908 1420 autem
922 1360 1046 1420 feniculi
1065 1358 1120 1418 hu·

104 1450 204 1510 midas
227 1453 272 1510 est
294 1452 326 1509 et
347 1449 403 1510 hoc
425 1449 517 1510 sicem
539 1468 642 1510 succos
664 1453 819 1525 temperat
864 1448 950 1510 Unde
973 1469 1009 1510 ex
1031 1449 1077 1508 his
1094 1453 1124 1508 et

101 1541 216 1616 butyro
240 1539 431 1613 nutamine,
463 1556 539 1613 quae
562 1557 631 1598 sana
653 1541 731 1614 sunt,
754 1541 908 1616 unguento
931 1538 1010 1599 facto
1040 1557 1121 1615 prae

102 1629 202 1688 tatum
226 1628 358 1688 dolorem
382 1627 488 1702 capitis
511 1627 661 1688 alleviant
687 1627 827 1704 †Accipe
850 1628 950 1688 oleum
974 1628 1070 1688 olivae
1093 1631 1124 1687 et
1137 1632 1163 1677 1⁶

102 1717 257 1778 modicum
288 1717 386 1776 minus
417 1719 533 1776 rosatae
565 1735 659 1793 aquae
691 1721 721 1776 et
750 1717 821 1777 haec
850 1718 882 1776 in
904 1718 1053 1794 sartagine
1075 1717 1124 1776 fac

103 1807 228 1878 fervere,
252 1811 282 1866 et
304 1805 424 1866 interim
447 1807 546 1881 accipe
565 1805 749 1868 astacades
771 1805 844 1864 bene
859 1805 1010 1865 modicum
1025 1805 1123 1865 minus

104 1915 197 1972 quam
230 1895 289 1954 olei
314 1895 410 1956 olivae
437 1895 476 1954 sit
507 1898 538 1955 et
568 1895 639 1956 haec
665 1895 755 1956 simul
780 1896 811 1955 in
838 1895 980 1955 mortario
1008 1898 1071 1954 tere
1095 1898 1125 1952 et

105 2003 311 2061 perpennam
335 1984 400 2044 cola
426 1986 458 2043 et
479 2002 601 2044 succum
627 1984 720 2044 istum
746 1984 777 2044 in
799 1984 949 2061 sartagine
977 1983 1015 2042 ad
1041 2001 1124 2059 prae·

105 2075 222 2134 dict-nm
253 2074 353 2133 oleum
383 2075 414 2133 et
440 2072 477 2130 ad
503 2077 634 2134 rosatam
661 2093 768 2150 aquam
796 2073 888 2132 funde
911 2077 941 2134 et
964 2073 1011 2132 fac
1034 2072 1124 2132 simul
1137 2076 1166 2122 20

106 2163 206 2223 denuo
236 2163 357 2225 fervere.
403 2161 491 2232 Quod
522 2181 590 2222 cum
619 2162 735 2235 feceris,
767 2163 877 2222 iterum
908 2182 963 2238 per
992 2181 1124 2238 pannum

106 2253 172 2313 cola
202 2256 233 2311 et
254 2253 286 2311 in
308 2270 420 2311 novum
442 2270 493 2311 vas
515 2252 610 2312 fictile
633 2252 732 2312 funde.
778 2251 891 2312 Deinde
923 2251 1071 2312 dolentem
1093 2250 1124 2309 in

105 2341 219 2404 vertice
241 2344 272 2400 et
293 2340 324 2398 in
346 2359 401 2399 sua
422 2341 578 2400 sacocum
600 2343 632 2399 et
653 2341 685 2398 in
707 2342 806 2402 fronte
829 2360 862 2400 ac
884 2341 916 2400 in
939 2341 1124 2417 temporibus

107 2449 177 2491 cnm
199 2429 255 2490 hoc
276 2432 438 2507 unguento,
462 2429 580 2504 quando
603 2429 693 2501 dolet,
716 2449 803 2507 unge,
827 2433 918 2506 atque
941 2430 1072 2489 frontem
1096 2432 1126 2490 et

106 2523 244 2595 tempora
254 2519 318 2578 eius
333 2517 413 2577 lineo
425 2519 565 2595 ligamine
578 2521 675 2578 cerato
695 2519 924 2596 circumligans
936 2523 1124 2596 unguentum
1138 2522 1166 2568 2⁵

107 2608 190 2668 istud
213 2607 411 2685 abstergatur.

175 2697 222 2757 Dc
244 2696 474 2776 capitiscolae
497 2714 532 2756 co
553 2699 697 2772 flegmate.
732 2692 820 2776 1)Qui
840 2697 876 2756 dc
891 2695 1042 2772 superfluo
1057 2696 1126 2772 fleg·

107 2789 189 2846 mate
211 2785 242 2844 in
264 2786 362 2845 fronte
385 2785 492 2861 capitis
516 2785 606 2863 dolet,
628 2787 724 2861 pisam
747 2786 845 2846 albam
867 2784 1006 2846 dentibus
1028 2786 1127 2845 masti-

107 2875 202 2936 cando
224 2878 304 2934 terat
325 2877 356 2934 et
377 2873 452 2934 hanc
481 2875 584 2934 tritam
616 2876 777 2951 purissimo
807 2875 895 2935 malle
927 2877 1128 2951 contemperet

107 2968 141 3025 et
170 2964 214 3024 sic
245 2963 430 3040 temporibus
458 2969 590 3040 apponat
621 2968 650 3024 at
673 2964 814 3043 ligamine
837 2965 1012 3041 comprimat
1034 2968 1065 3024 et
1086 2963 1169 3025 sicco

110 3053 210 3128 faciat,
233 3071 329 3128 usque
352 3052 425 3112 dum
448 3053 555 3113 malim
569 3052 685 3114 habeat.
729 3053 799 3114 Pisa
814 3054 892 3114 enim
906 3053 1128 3130 aliquantulum

109 3142 278 3219 flegmatica
300 3143 352 3212 est
376 3141 427 3200 sed
450 3141 517 3201 alba
540 3143 570 3201 in
593 3162 670 3219 pura
692 3147 723 3203 et
745 3143 823 3203 bona
844 3146 925 3203 tarra
946 3143 1053 3203 crescit
1084 3147 1128 3201 at·

110 3251 171 3309 que
194 3230 232 3290 sd
254 3249 375 3291 succum
397 3231 553 3290 masticata
573 3236 604 3290 et
618 3232 804 3308 temporibus
820 3233 963 3308 apposita,
987 3232 1129 3308 quoniam

109 3339 207 3382 venae
229 3323 398 3396 temporum
421 3319 630 3380 fortitudinem
653 3321 760 3380 frontis
782 3324 891 3395 tenent,
926 3339 1049 3380 acumen
1073 3319 1127 3380 do·

111 3411 185 3470 loris
207 3409 297 3469 buius
320 3408 427 3470 aufert.
473 3407 560 3468 eaor
584 3428 703 3486 quoque
726 3410 830 3486 mellis,
855 3409 937 3486 quod
953 3410 989 3469 de
1004 3409 1171 3470 diversis&

193 3597 216 3669 1)
235 3617 262 3654 v.
281 3597 387 3653 ar-a1
410 3618 442 3647 =
462 3597 558 3668 mgis
578 3598 646 3653 1132
665 3598 699 3653 a.
