2672 3924
201 148 263 208 138
586 143 832 200 Hubscsssms

199 345 249 384 rae
272 343 342 384 suae
365 326 522 401 contraria,
554 329 628 398 tunc
658 346 757 388 semen
786 345 876 386 suum
903 327 935 386 in
957 327 1102 387 iniustum
1125 328 1245 386 locum

199 414 331 490 turpiter
363 414 482 490 emittit,
517 416 602 476 velut
639 417 699 492 ille,
736 416 790 493 qui
824 419 942 476 coetum
973 415 1074 476 cibum
1108 435 1142 474 cx
1170 416 1245 475 olla

199 521 317 562 sumens
341 521 408 562 eum
432 508 654 581 superterram
676 506 786 567 fundit
834 505 874 564 Et
903 505 952 565 hie
984 510 1030 565 est
1061 506 1159 578 limus,
1199 504 1244 563 de
1314 504 1318 537 l

199 610 259 668 quo
281 590 414 652 homines
436 594 613 658 formantur.

172 694 186 739 c
267 681 316 741 Dc
333 682 505 756 pollutione.
540 683 576 742 In
598 683 764 759 pollutione
789 686 889 743 autem
911 683 1036 756 seminis,
1060 703 1134 759 quae
1156 683 1243 742 dor·

200 771 309 830 miente
333 771 452 832 bomine
473 773 585 849 absque
609 773 720 832 visione
743 773 838 832 somni
866 774 985 831 tantum
1007 791 1063 847 per
1083 775 1242 832 naturam

198 858 327 920 hominis
350 862 504 939 contingit,
537 861 626 920 ardor
657 862 806 922 medullae
828 879 888 920 non
909 864 1056 937 moretur,
1087 862 1165 921 unde
1203 865 1240 920 et

198 949 265 1027 ipsa
286 951 372 1009 velut
394 970 479 1028 aqua,
504 969 581 1027 quae
605 951 721 1010 modico
745 952 842 1011 calore
864 949 965 1027 tepida
987 955 1042 1022 est,
1065 950 1239 1010 emittitur.

198 1037 234 1097 In
256 1040 425 1115 pollutione
448 1058 528 1115 vero,
552 1058 628 1115 quae
651 1043 790 1116 operante
813 1058 901 1116 opere
916 1059 969 1116 per
983 1040 1126 1100 visionem
1146 1058 1237 1100 som-

159 1128 230 1188 toni
253 1128 296 1204 fit,
321 1129 452 1188 medulla
474 1129 602 1187 hominis
625 1129 734 1189 acriter
757 1129 849 1202 ardet,
872 1129 917 1187 ita
940 1129 1020 1205 quod
1043 1129 1144 1188 eadem
1158 1129 1235 1205 pol·

198 1217 275 1276 lntio
310 1222 381 1277 tunc
416 1217 501 1277 velut
535 1218 652 1279 fervens
685 1237 764 1296 aqua
795 1218 942 1294 educitur,
975 1237 1035 1278 non
1062 1222 1160 1277 tamen
1184 1217 1233 1276 ad

198 1307 320 1386 plenum
342 1308 438 1382 cocta,
471 1307 541 1382 quia
562 1306 651 1366 bomo
673 1311 746 1367 tune
768 1327 827 1367 non
853 1307 968 1384 vigilat
1013 1307 1054 1367 Et
1080 1308 1106 1367 si
1131 1307 1230 1366 bomo

199 1393 359 1471 aliquando
381 1394 412 1453 in
435 1394 628 1455 delectatione
642 1399 687 1456 est
709 1399 780 1469 (et)
806 1396 1033 1458 commotionem
1048 1397 1078 1454 in
1100 1415 1229 1473 empore

199 1501 253 1542 suo
277 1485 374 1556 sentit,
408 1484 451 1543 ita
472 1488 569 1544 tamen
593 1486 674 1561 quod
696 1485 834 1562 genitalis
856 1504 962 1561 spuma
985 1483 1023 1545 ob
1045 1485 1102 1545 boc
1123 1485 1160 1545 de
1189 1503 1227 1545 eo

161 1587 189 1632 15
202 1591 260 1631 non
275 1573 385 1633 effluit:
410 1574 477 1634 inde
499 1594 557 1634 non
582 1573 757 1634 debilitatur
779 1573 811 1632 in
834 1565 966 1650 corpore.
999 1573 1031 1633 Si
1046 1592 1116 1635 vero
1132 1575 1176 1634 ita
1193 1575 1225 1633 in

199 1660 392 1722 delectatione
415 1667 627 1741 commovetur,
659 1662 740 1739 quod
767 1681 873 1739 spuma
902 1663 975 1724 hacc
997 1665 1034 1722 ad
1057 1663 1223 1722 articulum
1331 1679 1332 1698 ¹

200 1750 362 1811 emissionis
392 1754 569 1830 pervenerit,
602 1753 652 1814 sed
685 1756 784 1812 tamen
815 1754 896 1811 intra
917 1753 949 1810 in
972 1771 1094 1828 corpore
1116 1752 1223 1829 aliquo

197 1840 287 1900 modo
311 1841 477 1900 continente
499 1845 613 1902 retenta
636 1841 736 1913 fuerit,
765 1841 969 1901 infirmitatem
997 1841 1084 1900 homo
1108 1841 1222 1900 multo·

198 1929 275 1989 tiens
309 1930 412 1990 exinde
442 1930 576 2006 incurrit,
610 1931 653 1989 ita
685 1930 765 2005 quod
797 1935 851 1990 aut
877 1935 997 1990 acutam
1023 1927 1136 1989 febrem
1167 1936 1224 1989 aut

158 2019 340 2078 mumanae
362 2019 457 2078 febres
479 2023 534 2078 cut
556 2019 627 2078 alias
649 2019 835 2078 infirmitates
857 2019 928 2080 inde
949 2017 1078 2079 habebit

264 2107 309 2166 De
332 2109 464 2182 centupli
485 2113 612 2182 tempore
634 2109 669 2166 in
700 2110 841 2170 masesele.
887 2108 1037 2168 Masculus
1067 2110 1169 2168 autem
1202 2127 1221 2166 a

198 2196 303 2271 quinto
336 2197 448 2255 decimo
480 2216 557 2256 anno
590 2197 693 2256 aetatis
721 2215 791 2256 suae
814 2199 938 2274 gustum
961 2196 1164 2257 delectationis
1189 2197 1223 2255 in

197 2300 228 2342 se
250 2283 340 2344 babet
363 2287 393 2344 et
415 2289 487 2345 tunc
509 2286 597 2344 ctiam
620 2305 756 2360 spumam
778 2286 900 2344 humani
933 2286 1051 2345 seminis
1074 2285 1111 2344 de
1133 2285 1222 2345 vanis

198 2372 429 2451 cogitationibus
451 2375 537 2434 facile
559 2374 590 2433 in
614 2392 648 2433 eo
672 2374 802 2445 exsudat,
825 2374 877 2433 sed
893 2375 1049 2435 delectatio
1073 2379 1104 2434 et
1118 2392 1221 2434 semen

158 2475 185 2520 ss
199 2463 263 2522 cius
284 2463 415 2524 nendum
438 2463 475 2523 ad
497 2463 704 2523 maturitatem
726 2464 757 2522 in
781 2481 814 2521 ec
837 2467 1044 2539 pervenerunt.
1090 2463 1148 2524 Sed
1170 2483 1222 2524 nc·

199 2570 276 2612 cesso
298 2556 351 2628 est,
380 2570 448 2611 cum
471 2571 569 2612 semen
592 2553 655 2612 eius
685 2551 781 2610 adhue
811 2552 1006 2612 immaturum
1039 2555 1091 2629 est,
1124 2555 1161 2611 ut
1194 2553 1223 2611 ei

199 2641 341 2700 acerrima
363 2642 497 2702 custodia
520 2641 703 2712 adhibeatur,
726 2659 762 2699 ne
786 2640 823 2698 ad
838 2641 994 2701 mulierem
1009 2661 1062 2701 seu
1077 2641 1114 2700 ad
1129 2641 1221 2700 aliam
1329 2637 1330 2656 ¹

199 2729 351 2788 libidinem
375 2749 459 2790 suam
482 2730 654 2807 explendam
677 2729 803 2801 accedat,
828 2730 909 2806 quod
931 2731 1018 2791 facile
1041 2729 1154 2804 ertheo
1176 2729 1221 2790 in·

199 2817 307 2893 sipiens
330 2823 360 2878 at
381 2820 550 2880 intellectus
580 2837 693 2879 vacuus
725 2819 782 2878 erit
812 2821 843 2877 et
864 2819 986 2879 scientia
1008 2821 1039 2878 in
1062 2838 1096 2879 eo
1119 2819 1221 2879 delicit

158 2917 186 2964 ³0
200 2908 230 2964 et
251 2906 337 2966 facile
360 2908 478 2967 insanae
501 2913 531 2969 et
552 2908 762 2968 incontinentis
785 2911 908 2967 naturae
924 2909 967 2984 fit,
991 2909 1073 2985 quod
1088 2908 1219 2968 nondum

200 2994 236 3053 ad
258 2997 464 3056 maturitatem
486 2997 568 3055 illam
590 2997 734 3073 pervenit,
762 3001 799 3056 ut
825 3000 976 3057 maturum
1000 3017 1096 3057 semen
1119 2996 1156 3056 de
1183 3015 1218 3057 eo

199 3083 325 3144 emittat
369 3085 455 3145 Etsi
477 3086 625 3146 masculus
653 3087 739 3145 fortis
769 3087 800 3144 in
834 3104 958 3163 corpore
993 3090 1045 3159 est,
1078 3090 1152 3146 tunc
1185 3085 1218 3146 in
1328 3147 1329 3160 ,

197 3177 279 3233 sexto
303 3173 415 3233 decimo
443 3193 518 3234 anno
546 3175 650 3234 aetatis
677 3193 747 3234 suae
770 3175 807 3234 ad
829 3177 1035 3236 maturitatem
1058 3175 1218 3253 explendae

199 3263 372 3338 cupiditatis
396 3264 515 3336 accedit,
538 3265 586 3323 vel
608 3265 633 3323 si
655 3263 686 3322 iu
710 3282 832 3340 corpore
863 3264 968 3324 debilis
998 3267 1049 3338 est,
1081 3268 1154 3324 tunc
1184 3264 1215 3324 iu

158 3363 185 3408 ec
201 3352 327 3428 septimo
351 3352 463 3412 decimo
487 3372 561 3412 anuo
589 3353 693 3413 aetatis
719 3371 789 3412 suae
816 3355 1022 3415 maturitatem
1051 3353 1216 3414 fertilitatis

200 3459 270 3501 suae
294 3441 478 3517 adipiscitur.
524 3441 565 3502 ct
579 3442 684 3502 deinde
699 3443 822 3518 plenum
837 3443 1022 3502 intellectum
1037 3447 1068 3502 ct
1081 3444 1215 3504 meliores

200 3535 230 3588 et
252 3531 417 3591 stabiliores
439 3549 533 3590 mores
555 3532 586 3589 in
608 3532 781 3590 maturitate
804 3549 858 3590 sua
880 3531 982 3606 habet,
1015 3549 1104 3605 quam
1132 3531 1214 3606 prius
