2668 3924
195 169 256 228 218
580 159 827 216 HILDEGARDIS

195 352 225 407 et
240 347 317 422 dille,
332 347 375 405 ita
389 349 426 404 ut
445 344 610 403 feniculum
632 345 704 406 dille
726 343 854 416 excedat,
878 346 909 402 et
931 343 962 402 in
988 361 1099 420 aquam
1123 362 1205 419 pone,

195 441 230 495 ut
256 455 333 512 aqua
357 435 392 494 ab
416 435 457 493 eis
486 451 621 510 saporem
641 434 774 510 accipiat,
799 436 829 492 et
853 431 956 491 daeis
979 431 1208 506 adhibendum,

195 531 224 584 et
246 524 490 584 meliorabuntur.

265 607 341 695 1)Dc
369 631 448 687 epac.
494 609 524 670 Si
553 611 630 672 fluor
656 611 797 671 reumatis
827 610 862 670 de
889 609 1011 669 naribus
1039 611 1110 686 aqui
1133 610 1207 686 fluit,

170 704 240 762 sita
262 702 342 780 quod
364 702 433 761 inde
455 693 553 772 biset,
586 702 809 761 beitcracaclum
833 703 863 759 et
894 700 963 774 plus
987 699 1023 758 de
1052 697 1207 771 lubistilcct

198 811 288 868 quam
302 791 528 852 beitcrccaclcm
544 791 591 866 eit,
614 792 645 847 in
668 810 746 866 aqua
769 807 862 865 coque
886 790 916 846 et
938 788 1030 862 dump
1052 789 1146 848 istum
1169 789 1210 847 ita

199 881 328 940 calidum
343 880 373 939 in
389 899 473 940 nares
490 879 566 939 etin
587 897 619 938 oa
642 880 705 938 eius
731 879 814 938 freno
837 878 900 937 eius
922 878 1062 952 imposito
1085 878 1211 937 transire

197 971 350 1045 permitte,
379 973 409 1030 at
439 969 600 1028 sanabitur.
647 967 734 1038 Quod
761 966 786 1026 si
814 985 908 1043 equus
935 967 967 1024 in
994 969 1097 1026 ventre
1121 967 1212 1040 dolet,

199 1060 272 1118 item
282 1059 524 1119 beiterccczclum
540 1061 570 1115 et
585 1057 654 1132 plus
670 1057 706 1115 de
722 1057 879 1132 lacescere,
902 1075 992 1131 quam
1006 1053 1212 1117 amaena

159 1161 185 1206 ιο
198 1150 245 1224 sit,
273 1149 383 1224 pabulo
412 1148 474 1206 eius
499 1165 584 1222 saepe
606 1146 786 1222 intermisce,
814 1149 850 1204 ut
877 1146 919 1203 ita
945 1145 1035 1204 simul
1066 1144 1209 1221 comedat,

198 1246 227 1296 et
249 1238 411 1297 curabitur.

263 1327 308 1385 Dc
330 1328 426 1386 caino.
473 1323 504 1382 Si
532 1324 630 1383 asinus
652 1327 683 1382 iu
706 1325 802 1399 capite
825 1322 921 1398 dolet,
948 1323 992 1381 ita
1014 1323 1096 1399 quod
1118 1316 1211 1398 husa,

198 1415 296 1490 accipe
319 1431 456 1474 ascerum
485 1413 521 1471 de
552 1413 634 1490 fago,
667 1413 698 1471 id
726 1416 770 1472 est
797 1412 907 1472 cineres
936 1412 1012 1488 fagi,
1044 1413 1213 1487 dequibus

197 1505 293 1563 lexiva
326 1505 404 1563 facta
436 1504 493 1577 est,
531 1505 561 1561 et
589 1521 657 1561 cum
684 1502 763 1561 idem
791 1502 902 1560 cineres
929 1501 989 1559 iam
1017 1500 1105 1560 calidi
1135 1505 1211 1576 sunt,

160 1594 290 1666 15dcmp
305 1591 438 1651 illumin
460 1609 491 1650 cs
514 1595 544 1650 et
566 1592 597 1649 in
620 1610 704 1650 nares
727 1591 800 1650 asini
821 1590 904 1649 illius
926 1590 1053 1648 transire
1068 1591 1168 1658 facias.
1185 1595 1215 1650 et

199 1681 361 1744 curabitur.
397 1680 483 1751 Quod
505 1681 530 1739 si
552 1681 642 1739 etiam
665 1681 765 1739 asinus
788 1680 820 1738 in
843 1683 947 1738 vantra
970 1679 1064 1755 dolet,
1088 1681 1215 1740 maiores

198 1772 375 1844 bullctbccbc
403 1770 440 1828 ad
469 1769 601 1828 furfures
629 1770 659 1827 in
688 1789 766 1846 aqua
796 1769 908 1827 modice
945 1768 1102 1827 calefactos
1143 1770 1213 1828 inci·

200 1860 304 1932 dendo,
318 1861 350 1919 id
366 1864 410 1919 est
425 1860 594 1931 coartanda,
609 1858 699 1917 misce
715 1861 746 1917 et
761 1858 817 1916 hcc
832 1876 918 1932 saepe
933 1857 988 1928 fac,
1005 1860 1036 1916 et
1050 1859 1216 1923 curabitur.
1315 1851 1316 1910 ]

244 1950 289 2010 Dc
310 1967 411 2024 porco.
463 1947 538 2008 (ium
565 1965 674 2025 porcus
703 1947 835 2024 qualibet
861 1945 1033 2006 infirmitate
1061 1951 1214 2024 gravatur,

162 2039 301 2114 acccipe
326 2039 449 2098 conchas
473 2037 641 2111 testudinis,
674 2036 705 2094 id
728 2039 773 2096 est
795 2037 986 2107 succlcccbus,
1010 2040 1041 2094 et
1063 2036 1214 2098 modicum

200 2128 269 2202 plus
293 2127 422 2198 dodillo,
446 2146 536 2202 quarn
560 2125 737 2185 concharum
758 2126 884 2184 istarum
907 2126 954 2197 sit,
978 2127 1008 2184 et
1030 2124 1102 2184 haec
1125 2127 1215 2186 simul

200 2217 365 2275 comminue
394 2219 424 2275 et
451 2215 494 2274 ita
520 2216 552 2274 in
579 2233 616 2275 aa
644 2215 706 2273 eius
729 2233 817 2290 pone,
840 2216 876 2272 ut
899 2214 1043 2285 comedat,
1071 2218 1103 2274 et
1125 2216 1214 2274 etiam

199 2303 423 2365 hcitcrncaelum
455 2305 487 2363 in
514 2323 593 2381 aqua
621 2323 714 2379 coque
744 2306 774 2361 et
801 2303 844 2362 ita
871 2306 986 2363 coctam
1013 2322 1082 2362 cum
1113 2306 1215 2364 eadem

201 2414 279 2471 aqua
293 2412 331 2454 aa
347 2394 411 2454 eius
426 2393 568 2464 immisce,
590 2396 626 2452 ut
648 2393 690 2452 sic
713 2392 841 2463 devoret,
865 2395 895 2451 et
917 2392 975 2452 hoc
997 2411 1083 2468 saepe
1106 2394 1162 2469 fac,
1186 2397 1214 2452 at

161 2497 188 2541 25
201 2483 364 2544 curabitur.

264 2574 309 2633 Dc
332 2590 432 2646 capra.
479 2571 511 2631 Si
535 2590 622 2646 capra
645 2571 745 2646 aliquo
769 2570 856 2629 modo
879 2569 1056 2646 infirmatur,
1080 2570 1154 2630 folia
1177 2572 1213 2630 da

199 2662 276 2721 aiche
303 2662 330 2721 ei
358 2661 538 2722 sufficienter
566 2662 597 2718 et
624 2678 709 2735 saepe
732 2659 769 2718 ad
792 2659 1003 2718 comedendum
1026 2659 1077 2735 da,
1106 2663 1143 2719 ut
1170 2661 1213 2719 ita
1314 2671 1315 2744 ᾖ

198 2751 338 2822 comedat,
363 2754 393 2811 et
415 2751 470 2810 boc
493 2767 579 2824 saepe
602 2749 657 2820 fac,
681 2751 711 2807 et
734 2748 896 2809 curabitur.

263 2834 351 2922 [Item
374 2841 409 2900 dc
433 2857 505 2914 aquo
529 2843 555 2897 ct
577 2839 652 2898 boec.
700 2829 773 2920 ²)Si'
786 2857 863 2914 equo
886 2840 939 2896 aut
961 2837 1032 2897 bovi
1056 2840 1110 2896 aut
1132 2839 1212 2898 asino

159 2939 186 2984 30
199 2944 303 2986 venam
318 2928 447 2988 incidere
466 2928 599 2987 volueris
619 2927 651 2985 in
671 2927 835 2986 minutione
858 2926 1010 3004 sanguinis
1033 2929 1063 2985 et
1086 2927 1112 2986 si
1135 2927 1213 2987 idem

199 3017 305 3075 animal
328 3019 406 3077 ferte
429 3022 459 3076 et
483 3017 692 3092 corpulentum
715 3020 768 3094 est,
790 3017 870 3087 tunc,
894 3019 1041 3092 qnantum
1063 3016 1212 3092 picarium

198 3123 300 3182 capere
323 3110 422 3182 potest
446 3125 548 3183 aquae,
572 3105 746 3182 sanguinem
769 3105 796 3164 ei
817 3105 925 3165 minue.
968 3103 1000 3163 Si
1023 3123 1093 3164 vero
1118 3123 1212 3183 equus

200 3198 252 3254 aut
279 3196 332 3255 bos
361 3198 414 3255 aut
437 3197 536 3256 asinus
559 3195 665 3254 debilis
688 3198 717 3253 et
739 3213 837 3254 macer
860 3193 965 3265 fuerit,
994 3193 1031 3252 ad
1055 3193 1212 3254 dimidium

71 3347 75 3355 ,
196 3285 339 3360 picarium
361 3286 535 3363 sanguinem
559 3285 586 3344 ei
609 3284 721 3358 minue,
744 3284 856 3343 scilicet
878 3282 1040 3342 secundum
1062 3285 1213 3360 propriam

162 3385 190 3429 aa
203 3374 426 3434 crassitudinem
437 3378 467 3434 et
478 3375 655 3434 tenuitatem
667 3374 788 3433 virtutis
798 3391 875 3448 suae,
892 3375 923 3431 et
937 3374 1006 3447 post
1015 3372 1212 3432 minutionem

251 3563 272 3634 l)
283 3584 307 3620 v.
318 3566 405 3620 4-11
416 3587 451 3614 =
461 3564 556 3636 Migne
568 3565 636 3619 1169
646 3563 678 3617 Β.
689 3593 723 3603 -
733 3563 756 3633 ²)
766 3561 990 3633 v-29-p.2l9‚rc
1001 3583 1033 3611 =
1043 3579 1070 3632 p.
1078 3562 1212 3629 127,cc·cr.
