2668 3924
371 181 513 238 CAUSAE
531 182 578 238 ΕΤ
596 182 718 238 OURAE
737 183 804 239 LlB.
823 184 871 238 111.
1071 187 1132 248 171
1251 269 1254 274 Ι

115 368 281 430 eorundem
309 366 466 428 oculorum
493 367 589 445 fugat.
634 366 723 426 Viola
750 367 829 428 enim
856 367 892 427 de
922 367 1017 427 aalide
1045 370 1133 428 vento

116 457 249 534 primum
281 455 428 532 proaedit,
461 455 540 515 unde
564 459 594 515 et
616 455 775 531 praedietis
807 457 1047 533 temperamentis
1079 458 1133 516 hos

115 547 219 608 oculos
239 548 332 606 sanat.

177 636 224 695 De
239 635 332 696 oeulis
346 635 459 695 diverat
473 636 587 696 colaria.
626 635 685 706 Qui
700 635 801 694 oeulos
816 634 905 695 habet
922 635 1036 694 similes
1051 635 1133 712 nubi,

110 726 143 784 in
166 743 228 800 qua
250 725 304 783 iria
326 727 458 800 apparet,
481 726 512 783 et
533 723 565 783 in
587 723 628 783 eis
644 722 801 801 ealiginem
817 723 979 783 eutalium
1000 723 1161 784 delorem5

112 814 238 890 patitur,
259 813 431 874 aeliminum
453 813 581 888 aecipiet
602 816 633 873 et
654 831 731 889 puro
756 832 790 872 aa
813 812 879 872 albe
902 813 972 873 vino
1001 813 1136 889 imponat

112 907 145 962 et
168 903 207 962 ad
229 906 354 976 nentem,
379 920 447 962 eum
469 901 634 962 dormitum
648 903 740 978 vadit,
763 901 900 961 ealimino
916 901 1016 962 ablato
1032 903 1135 962 eodem

114 992 187 1052 vinu
211 991 281 1050 eilia
303 991 459 1051 oculorum
489 1010 614 1052 suorum
646 991 774 1052 exteiius
805 991 921 1066 illiniat,
951 1009 1136 1068 praecavens,

110 1100 147 1142 ne
172 1080 274 1140 oeulos
296 1081 423 1140 interius
445 1083 559 1158 tangat,
591 1100 628 1140 ne
661 1080 795 1141 acumine
818 1081 949 1140 audimini
978 1079 1136 1140 laedantur

111 1175 143 1230 et
165 1169 308 1228 maiorem
331 1169 487 1246 caliginem
509 1171 672 1232 incurrant.
717 1168 793 1228 Nam
821 1169 993 1229 aeliminum
1024 1177 1176 1244 aequa-10

111 1261 182 1320 liter
205 1259 334 1318 ealorem
356 1261 387 1318 et
409 1258 507 1336 frigus
529 1258 561 1317 in
583 1276 614 1318 se
636 1259 726 1318 habet
749 1263 779 1318 et
800 1259 843 1318 sie
862 1278 931 1318 eum
952 1259 1048 1319 calore
1072 1259 1135 1318 vini

110 1348 312 1424 temperatum
343 1365 451 1423 pravos
480 1347 626 1420 humores,
658 1349 711 1424 qui
734 1349 836 1408 oeulos
858 1347 996 1424 laedunt,
1029 1347 1135 1408 aufert.

111 1437 143 1496 Si
167 1440 269 1496 autem
292 1437 392 1496 oeulos
414 1437 540 1497 interius
562 1437 706 1514 tetigerit,
744 1455 795 1497 eoa
825 1437 925 1510 laedit,
965 1437 1047 1514 quod
1081 1455 1134 1496 nee

112 1527 193 1586 calor
216 1525 314 1602 frigus
337 1525 401 1584 eius
423 1526 455 1584 in
478 1544 509 1585 se
531 1529 653 1602 superat
675 1545 728 1586 nee
748 1526 845 1604 frigus
860 1528 998 1602 calorem,
1021 1530 1051 1586 et
1067 1526 1133 1585 ideo

113 1633 238 1676 acumen
268 1613 362 1690 ipsius
393 1615 495 1674 oeulos
526 1615 709 1674 exuleeraret
740 1619 770 1674 et
798 1616 956 1692 caliginem
979 1617 1020 1676 eis
1042 1616 1173 1674 indu-15

113 1707 201 1779 earet,
226 1704 252 1762 si
274 1721 326 1781 eos
345 1703 471 1764 interius
494 1707 639 1781 tangeret
684 1701 760 1763 Nam
783 1705 956 1763 aeliminum
978 1723 1031 1764 nee
1054 1705 1130 1764 calo-

112 1813 177 1852 rem
199 1811 253 1852 nee
275 1791 372 1869 frigus
395 1792 477 1852 aliud
499 1794 531 1851 in
553 1811 583 1853 ae
606 1811 746 1868 superans
768 1796 976 1869 temperatum,
999 1796 1036 1851 ut
1050 1812 1134 1868 prae·

114 1882 230 1943 dietum
252 1884 305 1952 eet,
329 1882 430 1942 oeulos
452 1882 526 1942 istos
548 1885 641 1944 sanat.

179 1971 226 2030 De
249 1967 342 2034 onais
364 1972 549 2034 turbulentis.
591 1965 654 2052 ¹)Si
676 1971 785 2047 aliquis
809 1972 909 2030 oeulos
932 1972 1042 2030 similes
1065 1974 1131 2028 tur-

112 2060 200 2120 bidae
221 2059 296 2120 nubi
325 2058 470 2136 (habet),
501 2079 578 2136 quae
607 2079 661 2120 nee
693 2060 730 2120 ad
758 2061 879 2136 plenum
905 2061 993 2137 ignea
1024 2055 1077 2119 nee
1099 2059 1137 2118 ad
1150 2067 1178 2112 20

114 2151 237 2226 plenum
258 2148 380 2208 turbida
403 2153 455 2224 eat,
477 2148 528 2208 aed
551 2149 738 2225 aliquantum
761 2150 876 2227 glauca,
900 2149 983 2208 etin
1006 2150 1048 2208 eis
1065 2150 1135 2208 eeli-

114 2239 214 2315 ginem
237 2240 267 2297 et
289 2236 422 2300 dolorem
444 2238 580 2314 sustinet,
614 2238 788 2310 feniculum,
811 2239 837 2297 si
870 2238 902 2297 in
939 2241 1051 2298 aestate
1082 2243 1134 2313 est,

113 2331 200 2404 terat,
224 2326 272 2386 vel
295 2327 375 2386 siin
396 2327 493 2386 hieme
515 2329 568 2399 ast,
591 2345 689 2388 semen
712 2328 783 2402 eius,
807 2332 837 2388 et
859 2329 967 2388 tritum
992 2329 1071 2388 eluro
1088 2329 1136 2388 ovi

114 2417 187 2476 bene
222 2416 396 2491 despumato
427 2416 569 2492 imponat,
604 2420 634 2476 et
662 2435 731 2476 eum
760 2416 923 2476 dormitum
946 2436 976 2476 se
1002 2418 1135 2492 1101101111,

113 2506 156 2565 ita
179 2505 274 2566 oeulis
294 2507 482 2581 superponat,
505 2509 536 2564 et
558 2505 656 2566 suavis
680 2507 761 2565 ealor
783 2505 905 2565 fenieuli
928 2524 997 2564 eum
1022 2505 1136 2582 frigore
1149 2513 1176 2558 25

114 2594 188 2654 elari
210 2594 261 2654 ovi
283 2598 464 2670 temperatus
487 2595 643 2672 caliginem
666 2597 696 2654 et
718 2594 851 2654 dolorem
875 2594 1036 2654 eorundem
1067 2612 1135 2653 oeu-

114 2685 213 2744 lornm
236 2683 354 2744 minuit.
399 2683 575 2743 Fenieulum
598 2683 710 2760 quippe
744 2702 812 2742 aum
846 2684 926 2742 elaro
959 2682 1020 2759 ovi,¹
1055 2684 1135 2760 quod

114 2773 303 2849 aliquantum
325 2772 452 2832 lividum
475 2777 528 2848 est,
560 2775 759 2848 temperatum
782 2772 875 2831 oeulis
898 2772 962 2832 istis
982 2771 1019 2831 de
1043 2773 1136 2831 livida

114 2861 293 2922 humiditate
316 2863 413 2922 terrae
437 2862 594 2922 maeatis
617 2860 735 2922 salubre
758 2861 923 2921 remedium
945 2861 1038 2922 affert.

181 2951 228 3010 De
251 2951 342 3012 oeulis
364 2950 472 3026 uteris.
506 2943 597 3027 2)ί1111
618 2951 721 3027 nigros
744 2969 797 3011 seu
819 2950 1009 3011 turbulentos
1033 2953 1135 3011 oeulos
1149 2957 1177 3002 3⁰

115 3039 213 3115 hebet,
235 3043 272 3100 ut
294 3039 452 3116 aliquando
475 3039 569 3098 nubes
591 3043 645 3116 eet,
668 3040 752 3099 etin
775 3040 817 3100 eis
841 3040 1052 3118 aliquomodo
1069 3040 1137 3099 aali-

115 3132 168 3206 gat
190 3132 221 3187 at
244 3127 331 3203 dolet,
354 3147 476 3188 suenum
498 3128 605 3189 ruthae
628 3128 754 3204 adcipiat
769 3133 799 3188 et
814 3130 860 3189 bis
876 3131 994 3190 tantum
1018 3129 1088 3205 puri
1103 3129 1137 3187 li·

116 3217 218 3294 quoris
245 3218 342 3277 mallis
374 3222 404 3277 et
426 3217 577 3278 modieum
598 3218 670 3279 boni
692 3221 722 3278 at
744 3219 817 3278 clari
841 3218 904 3278 vini
927 3218 973 3278 his
1001 3218 1136 3278 commis·

121 3309 193 3382 neat,
217 3324 250 3366 ae
273 3305 315 3366 aie
336 3307 444 3366 mieam
466 3307 578 3366 tritieei
599 3307 684 3383 panis
705 3306 753 3366 hia
775 3308 912 3383 imponat
933 3311 1024 3384 atque
1051 3327 1140 3383 super

121 3396 223 3456 oeulos
246 3413 315 3455 suos
337 3395 369 3453 in
392 3398 477 3455 noete
501 3416 569 3456 uum
591 3414 689 3471 panno
713 3396 795 3473 liget.
842 3395 919 3466 Quia
949 3396 1027 3455 enim
1059 3397 1139 3456 oculi
1153 3403 1180 3447 35

197 3585 220 3654 ¹)
230 3603 258 3641 v.
269 3585 373 3640 19-27
385 3611 416 3629 =
428 3584 524 3656 Migne
536 3587 603 3641 115?
613 3586 645 3640 Β.
656 3617 690 3625 -
700 3584 724 3656 ²)
733 3603 758 3639 v.
768 3585 874 3640 30-35
885 3611 916 3630 =
924 3585 1019 3655 Migne
1030 3585 1099 3640 1155
1109 3586 1139 3641 C.
