2668 3924
366 119 500 174 CAUSAE
519 119 566 173 ΕΤ
585 119 705 174 CURAE
724 121 792 176 LIB.
811 121 858 174 IV.
1060 126 1120 186 187

103 305 184 362 mina
224 301 327 361 addito
365 304 480 362 modico
518 321 604 362 succo
643 304 679 362 de
715 303 849 363 levistico
893 311 923 363 et
961 305 1016 363 hoc
1054 311 1121 364 ante

103 393 206 451 cibum
230 395 353 467 etpost
375 392 473 451 cibum
497 411 585 451 suum
616 395 728 462 utatur,
759 395 907 468 qnoniam,
941 412 1009 452 cum
1036 393 1121 470 frigi·

106 483 186 540 ditas
219 499 345 540 ovorum
380 485 411 540 et
441 483 592 562 frigiditas
623 482 752 540 levistici
782 501 850 540 cum
882 484 979 542 calore
1009 483 1071 542 vini
1094 487 1124 542 et

102 571 201 630 calore
234 570 387 646 sagiminis
418 573 610 647 temperatur,
642 570 812 628 huiusmodi
837 571 1073 648 coagulationem
1095 574 1126 630 in

101 660 229 718 muliere
260 660 358 719 solvit.
403 660 442 718 Ilt
474 661 515 719 sic
545 659 635 718 faciat
657 679 711 734 per
734 661 866 735 quinque
890 663 943 718 aut
965 679 1019 735 per
1041 661 1152 737 quin-5

100 749 199 808 decim
230 748 301 823 dies,
332 750 380 807 vel
411 767 505 825 usque
538 749 609 807 dum
637 749 778 808 solvatur.
825 749 881 808 Sed
911 750 1030 808 interim
1054 750 1125 808 dum
1228 769 1230 772 ·

100 837 270 914 praefatam
294 837 532 897 constrictionem
554 838 706 914 sanguinis
727 839 857 913 patitur,
880 838 1002 897 bovinas
1025 857 1125 898 carnes

101 930 136 986 et
158 927 232 985 alios
254 921 310 1009 [et]
334 945 451 1002 grossos
474 928 554 986 cibos
577 927 696 1002 devitet,
720 927 800 1002 quod
824 947 888 986 eam
912 927 1125 1003 constringunt,

100 1016 155 1074 sod
178 1034 284 1074 suaves
308 1016 441 1074 comedat
464 1019 493 1074 et
514 1017 618 1077 vinum
641 1016 735 1088 bibat3
767 1017 818 1075 sed
845 1018 871 1075 si
893 1016 982 1074 etiam
1005 1017 1125 1075 interim

101 1123 213 1180 aquam
244 1103 379 1163 bibitura
409 1108 466 1181 est,
498 1125 606 1182 aquam
629 1106 713 1180 putei
735 1106 825 1180 bibat,
851 1125 957 1181 aquam
979 1124 1050 1165 vero
1074 1089 1118 1164 ᾗ
1138 1120 1164 1166 10

100 1194 205 1252 liantis
237 1198 268 1252 et
294 1193 413 1252 fluentis
443 1195 534 1254 fontis
558 1195 678 1269 devitat,
712 1196 853 1269 quoniam
877 1195 941 1252 aliis
965 1195 1049 1271 aquis
1074 1196 1124 1252 ali-

102 1286 254 1358 quantum
270 1283 403 1358 asperior
418 1286 477 1356 est3
501 1284 552 1343 sed
573 1303 682 1363 aquam
697 1285 854 1344 fluentium
870 1284 999 1343 fontium
1016 1288 1125 1359 coquat

102 1376 136 1432 ct
158 1371 332 1448 refrigerari
364 1374 527 1447 permittat,
563 1381 723 1448 antequam
755 1392 819 1431 eam
841 1373 931 1444 bibat,
965 1374 1036 1448 quia
1067 1374 1124 1432 ista

100 1463 161 1520 hoc
184 1460 272 1520 modo
297 1465 400 1536 parata
423 1464 521 1522 suavis
545 1462 680 1521 efficitur.

127 1577 129 1580 ·
172 1551 218 1609 Dc
240 1554 461 1610 menstruorum
482 1554 576 1623 sluaa.
625 1545 649 1627 1)
659 1551 758 1628 Igitur
780 1552 896 1627 mulier,
920 1571 997 1627 quae
1011 1552 1123 1611 iniusto
1138 1565 1164 1609 15

100 1639 238 1714 tempore
261 1639 357 1696 multa
378 1645 530 1699 menstrua
552 1641 719 1699 inordinate
750 1642 873 1716 patitur,
907 1641 1019 1698 lineum
1051 1661 1121 1716 pan·

100 1747 178 1786 num
200 1729 232 1785 in
255 1727 365 1804 frigida
388 1748 465 1804 aqua
487 1730 616 1806 intingat
639 1733 669 1788 et
692 1729 853 1788 femoribus
875 1729 936 1788 suis
959 1748 1045 1804 saepe
1069 1731 1123 1790 cir-

101 1820 276 1893 cumponat,
299 1822 334 1876 ut
356 1818 480 1877 interius
499 1819 679 1895 infrigescat,
703 1819 844 1893 quatinus
859 1837 912 1893 per
926 1817 1123 1895 frigiditatem

100 1907 178 1964 linei
208 1906 299 1981 panni
331 1911 362 1964 et
391 1907 518 1984 frigidae
550 1927 644 1983 aquae
674 1909 802 1966 iniustus
836 1907 933 1966 fluxus
971 1908 1123 1982 sanguinis

101 1996 279 2058 retineatur.
327 1988 401 2073 2)Elt
423 1997 512 2054 etiam
536 1998 618 2056 abach
645 1998 677 2055 in
704 2017 782 2072 aqua
810 2000 925 2071 coquat,
962 1999 992 2054 et
1013 1996 1069 2054 sibi
1091 1997 1123 2054 in
1136 2007 1165 2052 20

100 2083 268 2144 femoribus
291 2088 322 2143 st
343 2086 374 2143 in
390 2086 531 2145 umbilico
547 2085 675 2145 calidum
696 2087 907 2161 circumponat,
930 2088 960 2144 et
975 2085 1123 2162 frigiditas

100 2175 191 2233 illius
214 2191 249 2232 ac
271 2175 418 2232 contraria
441 2176 552 2250 virtus,
587 2195 677 2251 quam
711 2176 743 2232 in
777 2194 806 2234 se
839 2173 937 2251 babet,
975 2175 1122 2234 contrario

98 2263 209 2336 fluxui,
233 2262 286 2337 qui
309 2265 339 2321 et
360 2264 392 2321 in
414 2264 575 2323 femoribus
600 2271 630 2323 et
652 2265 684 2322 in
698 2265 840 2323 umbilico
856 2264 1016 2336 habundat,
1040 2265 1122 2324 resis-

99 2353 153 2426 tit,
185 2354 215 2410 et
242 2350 310 2410 ideo
334 2353 423 2411 etiam
447 2353 555 2412 eisdem
578 2354 717 2412 membris
741 2357 824 2412 cocta
848 2358 877 2413 at
899 2354 996 2412 calida
1018 2372 1121 2429 super·

99 2440 236 2517 ponitur,
260 2441 342 2517 quod
365 2443 506 2502 calefacta
528 2445 684 2501 sanitatem
707 2443 748 2502 eis
771 2443 863 2504 affert.
910 2435 1122 2521 3JPandoniam
1137 2455 1163 2498 25

99 2547 225 2606 quoque
257 2530 287 2587 in
315 2530 417 2590 vinum
441 2536 539 2608 ponat,
573 2535 608 2591 ut
629 2531 698 2590 inde
729 2550 863 2607 saporem
891 2531 1005 2606 habeat,
1028 2535 1059 2589 et
1082 2532 1123 2590 sic

99 2618 182 2678 illud
205 2636 291 2695 saepe
314 2619 410 2696 bibat,¹
439 2624 470 2680 et
492 2621 573 2680 calor
595 2620 735 2696 pandonii
759 2639 825 2679 cum
849 2621 944 2679 calore
967 2621 1028 2679 vini
1051 2627 1121 2678 tem·

99 2710 226 2785 paratus
257 2709 403 2768 iniustum
436 2711 563 2770 calorem
594 2710 745 2786 sanguinis
768 2709 933 2786 restringit.
974 2703 1000 2788 4)
1009 2709 1121 2768 Deinde

101 2815 205 2857 omnes
228 2815 315 2857 venas
338 2817 416 2874 suas,
447 2800 560 2858 scilicet
588 2818 663 2875 quae
689 2800 721 2857 in
749 2799 886 2858 cruribus
914 2801 945 2857 et
966 2798 998 2856 in
1020 2802 1122 2858 ventre

101 2905 141 2944 ac
161 2886 192 2944 in
222 2890 341 2962 pectore
364 2889 448 2948 etin
475 2888 602 2948 brachiis
634 2889 695 2947 suis
727 2892 804 2960 sunt,
835 2907 954 2947 sursum
986 2889 1120 2948 manibus
1134 2902 1161 2945 ao

99 2975 166 3035 suis
189 2976 296 3035 leniter
318 2979 539 3053 comprimendo
568 2997 654 3054 saepe
683 2980 810 3053 moveat,
841 2978 981 3053 quatinus
1010 2996 1120 3036 coerce-

99 3067 201 3140 antur,
234 3085 270 3122 ne
293 3067 437 3126 iniustum
459 3067 517 3126 iter
540 3067 679 3144 sanguini
711 3067 831 3130 faciant.
876 3065 932 3126 Sed
958 3070 988 3126 et
1011 3069 1120 3141 caveat,

98 3171 141 3212 ne
162 3154 250 3212 nimis
272 3155 386 3215 laboret
408 3159 438 3215 et
460 3175 497 3214 ne
520 3157 650 3216 multum
665 3157 697 3215 in
713 3157 809 3216 eundo
825 3157 978 3232 fatigetur,
1002 3175 1038 3214 ne
1052 3155 1120 3214 inde

99 3243 181 3302 idam
206 3245 326 3320 sanguis
349 3248 517 3320 moveatur,
551 3249 582 3304 et
612 3246 701 3304 etiam
732 3249 845 3318 caveat,
878 3264 915 3304 ne
947 3245 1037 3304 duros
1068 3249 1121 3303 aut

99 3357 366 3466 ‘affine
386 3426 418 3446 =
438 3399 534 3470 usgue
554 3401 619 3454 1211
642 3400 672 3455 o.
695 3432 729 3439 -
754 3401 820 3470 qv.
840 3400 947 3454 ao-aa
967 3424 1002 3442 =
1020 3399 1060 3452 nu
1101 3416 1116 3454 a

101 3469 172 3524 1181
186 3471 220 3524 a.
242 3500 273 3510 -
294 3470 317 3540 ³)
335 3490 360 3525 v.
373 3471 478 3525 as-ac
494 3497 526 3516 =
540 3471 635 3543 Migna
650 3471 718 3525 1182
732 3471 761 3526 o.
781 3502 811 3512 -
835 3471 860 3540 ⁴)
878 3489 902 3524 v.
916 3471 1058 3540 as-p.1
1081 3471 1118 3534 aa

100 3567 134 3586 =
154 3540 252 3611 Migne
274 3543 340 3596 1211
362 3543 395 3597 D.
