<?xml version="1.0" encoding="UTF-8"?>
<!DOCTYPE html PUBLIC "-//W3C//DTD XHTML 1.0 Transitional//EN"
    "http://www.w3.org/TR/xhtml1/DTD/xhtml1-transitional.dtd">
<html xmlns="http://www.w3.org/1999/xhtml" xml:lang="en" lang="en">
 <head>
  <title>
</title>
<meta http-equiv="Content-Type" content="text/html;charset=utf-8" />
  <meta name='ocr-system' content='tesseract 3.04.00' />
  <meta name='ocr-capabilities' content='ocr_page ocr_carea ocr_par ocr_line ocrx_word'/>
</head>
<body>
  <div class='ocr_page' id='page_1' title='image "./hildegardiscaus00hildgoog_0120.png"; bbox 0 0 2662 3932; ppageno 0'>
   <div class='ocr_carea' id='block_1_1' title="bbox 374 181 1121 252">
    <p class='ocr_par' dir='ltr' id='par_1_1' title="bbox 374 181 1121 252">
     <span class='ocr_line' id='line_1_1' title="bbox 374 181 1121 252; baseline 0.019 -14"><span class='ocrx_word' id='word_1_1' title='bbox 374 181 517 238; x_wconf 74' lang='lat' dir='ltr'><strong>chusan</strong></span> <span class='ocrx_word' id='word_1_2' title='bbox 535 183 582 239; x_wconf 80' lang='grc' dir='ltr'><strong>ΕΤ</strong></span> <span class='ocrx_word' id='word_1_3' title='bbox 600 183 721 239; x_wconf 82' lang='lat' dir='ltr'><strong>CURAE</strong></span> <span class='ocrx_word' id='word_1_4' title='bbox 739 184 807 242; x_wconf 86' lang='lat' dir='ltr'><strong>LIB.</strong></span> <span class='ocrx_word' id='word_1_5' title='bbox 826 185 860 242; x_wconf 87' lang='lat' dir='ltr'><strong>H.</strong></span> <span class='ocrx_word' id='word_1_6' title='bbox 1059 191 1121 252; x_wconf 84' lang='lat'><strong>109</strong></span> 
     </span>
    </p>
   </div>
   <div class='ocr_carea' id='block_1_2' title="bbox 89 364 1181 3651">
    <p class='ocr_par' dir='ltr' id='par_1_2' title="bbox 89 364 1181 1495">
     <span class='ocr_line' id='line_1_2' title="bbox 91 364 1123 442; baseline 0.002 -15"><span class='ocrx_word' id='word_1_7' title='bbox 91 366 301 428; x_wconf 80' lang='lat' dir='ltr'><strong>arastinebunt.</strong></span> <span class='ocrx_word' id='word_1_8' title='bbox 346 364 403 425; x_wconf 84' lang='lat' dir='ltr'><strong>Sed</strong></span> <span class='ocrx_word' id='word_1_9' title='bbox 426 366 550 442; x_wconf 89' lang='lat' dir='ltr'><strong>plurimi</strong></span> <span class='ocrx_word' id='word_1_10' title='bbox 572 367 699 426; x_wconf 84' lang='lat' dir='ltr'><strong>infantes</strong></span> <span class='ocrx_word' id='word_1_11' title='bbox 728 368 764 427; x_wconf 99' lang='lat' dir='ltr'><strong>de</strong></span> <span class='ocrx_word' id='word_1_12' title='bbox 793 369 930 428; x_wconf 76' lang='lat' dir='ltr'><strong>tumultu</strong></span> <span class='ocrx_word' id='word_1_13' title='bbox 961 368 1123 430; x_wconf 88' lang='lat' dir='ltr'><strong>humorum</strong></span> 
     </span>
     <span class='ocr_line' id='line_1_3' title="bbox 90 454 1122 534; baseline 0.004 -19"><span class='ocrx_word' id='word_1_14' title='bbox 90 461 130 516; x_wconf 88' lang='lat' dir='ltr'><strong>et</strong></span> <span class='ocrx_word' id='word_1_15' title='bbox 153 455 191 516; x_wconf 92' lang='lat' dir='ltr'><strong>de</strong></span> <span class='ocrx_word' id='word_1_16' title='bbox 213 454 397 532; x_wconf 80' lang='lat' dir='ltr'><strong>pinguedine</strong></span> <span class='ocrx_word' id='word_1_17' title='bbox 420 457 524 515; x_wconf 85' lang='lat' dir='ltr'><strong>matris</strong></span> <span class='ocrx_word' id='word_1_18' title='bbox 547 456 740 529; x_wconf 85' lang='lat' dir='ltr'><strong>suffocantur,</strong></span> <span class='ocrx_word' id='word_1_19' title='bbox 767 457 811 517; x_wconf 90' lang='lat' dir='ltr'><strong>ita</strong></span> <span class='ocrx_word' id='word_1_20' title='bbox 839 458 920 534; x_wconf 91' lang='lat' dir='ltr'><strong>quod</strong></span> <span class='ocrx_word' id='word_1_21' title='bbox 942 459 1122 532; x_wconf 88' lang='lat' dir='ltr'><strong>moriuntur,</strong></span> 
     </span>
     <span class='ocr_line' id='line_1_4' title="bbox 91 544 1122 622; baseline 0.001 -17"><span class='ocrx_word' id='word_1_22' title='bbox 91 565 171 605; x_wconf 92' lang='lat' dir='ltr'><strong>cum</strong></span> <span class='ocrx_word' id='word_1_23' title='bbox 194 548 311 604; x_wconf 84' lang='lat' dir='ltr'><strong>rectum</strong></span> <span class='ocrx_word' id='word_1_24' title='bbox 331 544 389 603; x_wconf 89' lang='lat' dir='ltr'><strong>iter</strong></span> <span class='ocrx_word' id='word_1_25' title='bbox 413 545 454 604; x_wconf 87' lang='lat' dir='ltr'><strong>eis</strong></span> <span class='ocrx_word' id='word_1_26' title='bbox 476 544 663 622; x_wconf 73' lang='lat' dir='ltr'><strong>prohibetur,</strong></span> <span class='ocrx_word' id='word_1_27' title='bbox 687 549 723 605; x_wconf 92' lang='lat' dir='ltr'><strong>ut</strong></span> <span class='ocrx_word' id='word_1_28' title='bbox 745 544 934 622; x_wconf 87' lang='lat' dir='ltr'><strong>praedictum</strong></span> <span class='ocrx_word' id='word_1_29' title='bbox 957 551 1010 611; x_wconf 86' lang='lat' dir='ltr'><strong>est.</strong></span> <span class='ocrx_word' id='word_1_30' title='bbox 1042 547 1122 608; x_wconf 88' lang='lat' dir='ltr'><strong>Peri·</strong></span> 
     </span>
     <span class='ocr_line' id='line_1_5' title="bbox 89 634 1122 713; baseline 0.003 -19"><span class='ocrx_word' id='word_1_31' title='bbox 89 634 240 694; x_wconf 79' lang='lat' dir='ltr'><strong>culusum</strong></span> <span class='ocrx_word' id='word_1_32' title='bbox 262 635 307 694; x_wconf 90' lang='lat' dir='ltr'><strong>est</strong></span> <span class='ocrx_word' id='word_1_33' title='bbox 329 635 430 692; x_wconf 90' lang='lat' dir='ltr'><strong>autem</strong></span> <span class='ocrx_word' id='word_1_34' title='bbox 457 653 493 693; x_wconf 93' lang='lat' dir='ltr'><strong>eo</strong></span> <span class='ocrx_word' id='word_1_35' title='bbox 519 637 653 710; x_wconf 89' lang='lat' dir='ltr'><strong>tempora</strong></span> <span class='ocrx_word' id='word_1_36' title='bbox 680 634 774 694; x_wconf 86' lang='lat' dir='ltr'><strong>ullam</strong></span> <span class='ocrx_word' id='word_1_37' title='bbox 802 635 978 695; x_wconf 76' lang='lat' dir='ltr'><strong>medicinam</strong></span> <span class='ocrx_word' id='word_1_38' title='bbox 1008 638 1122 713; x_wconf 87' lang='lat' dir='ltr'><strong>pericli·</strong></span> 
     </span>
     <span class='ocr_line' id='line_1_6' title="bbox 90 721 1150 801; baseline 0.004 -19"><span class='ocrx_word' id='word_1_39' title='bbox 90 723 178 782; x_wconf 86' lang='lat' dir='ltr'><strong>tanti</strong></span> <span class='ocrx_word' id='word_1_40' title='bbox 201 722 327 782; x_wconf 83' lang='lat' dir='ltr'><strong>feminae</strong></span> <span class='ocrx_word' id='word_1_41' title='bbox 350 721 428 799; x_wconf 88' lang='lat' dir='ltr'><strong>dare,</strong></span> <span class='ocrx_word' id='word_1_42' title='bbox 459 722 531 782; x_wconf 91' lang='lat' dir='ltr'><strong>dum</strong></span> <span class='ocrx_word' id='word_1_43' title='bbox 563 723 592 781; x_wconf 91' lang='lat' dir='ltr'><strong>in</strong></span> <span class='ocrx_word' id='word_1_44' title='bbox 616 727 706 799; x_wconf 85' lang='lat' dir='ltr'><strong>partu</strong></span> <span class='ocrx_word' id='word_1_45' title='bbox 736 723 860 797; x_wconf 87' lang='lat' dir='ltr'><strong>laborat,</strong></span> <span class='ocrx_word' id='word_1_46' title='bbox 895 725 966 801; x_wconf 86' lang='lat' dir='ltr'><strong>quia</strong></span> <span class='ocrx_word' id='word_1_47' title='bbox 1000 730 1053 785; x_wconf 89' lang='lat' dir='ltr'><strong>aut</strong></span> <span class='ocrx_word' id='word_1_48' title='bbox 1087 727 1150 786; x_wconf 88' lang='lat' dir='ltr'><strong>de5</strong></span> 
     </span>
     <span class='ocr_line' id='line_1_7' title="bbox 89 810 1181 890; baseline 0.003 -18"><span class='ocrx_word' id='word_1_49' title='bbox 89 812 260 889; x_wconf 84' lang='lat' dir='ltr'><strong>superfluis</strong></span> <span class='ocrx_word' id='word_1_50' title='bbox 291 810 468 872; x_wconf 87' lang='lat' dir='ltr'><strong>humoribus</strong></span> <span class='ocrx_word' id='word_1_51' title='bbox 499 816 553 871; x_wconf 88' lang='lat' dir='ltr'><strong>aut</strong></span> <span class='ocrx_word' id='word_1_52' title='bbox 587 812 624 871; x_wconf 92' lang='lat' dir='ltr'><strong>de</strong></span> <span class='ocrx_word' id='word_1_53' title='bbox 656 812 837 890; x_wconf 78' lang='lat' dir='ltr'><strong>pinguedine</strong></span> <span class='ocrx_word' id='word_1_54' title='bbox 873 814 967 873; x_wconf 83' lang='lat' dir='ltr'><strong>carnis</strong></span> <span class='ocrx_word' id='word_1_55' title='bbox 1003 817 1057 874; x_wconf 91' lang='lat' dir='ltr'><strong>aut</strong></span> <span class='ocrx_word' id='word_1_56' title='bbox 1088 817 1123 875; x_wconf 93' lang='lat' dir='ltr'><strong>de</strong></span> <span class='ocrx_word' id='word_1_57' title='bbox 1178 843 1181 850; x_wconf 96' lang='lat'>·</span> 
     </span>
     <span class='ocr_line' id='line_1_8' title="bbox 90 899 1123 980; baseline 0.003 -20"><span class='ocrx_word' id='word_1_58' title='bbox 90 902 225 961; x_wconf 87' lang='lat' dir='ltr'><strong>instanti</strong></span> <span class='ocrx_word' id='word_1_59' title='bbox 248 900 306 959; x_wconf 89' lang='lat' dir='ltr'><strong>alia</strong></span> <span class='ocrx_word' id='word_1_60' title='bbox 327 899 500 960; x_wconf 85' lang='lat' dir='ltr'><strong>infirmitate</strong></span> <span class='ocrx_word' id='word_1_61' title='bbox 528 901 653 976; x_wconf 88' lang='lat' dir='ltr'><strong>laborat,</strong></span> <span class='ocrx_word' id='word_1_62' title='bbox 686 905 716 960; x_wconf 92' lang='lat' dir='ltr'><strong>et</strong></span> <span class='ocrx_word' id='word_1_63' title='bbox 747 902 814 962; x_wconf 92' lang='lat' dir='ltr'><strong>ideo</strong></span> <span class='ocrx_word' id='word_1_64' title='bbox 845 903 1015 979; x_wconf 82' lang='lat' dir='ltr'><strong>medicinae,</strong></span> <span class='ocrx_word' id='word_1_65' title='bbox 1047 924 1123 980; x_wconf 88' lang='lat' dir='ltr'><strong>quae</strong></span> 
     </span>
     <span class='ocr_line' id='line_1_9' title="bbox 91 989 1123 1066; baseline 0.004 -18"><span class='ocrx_word' id='word_1_66' title='bbox 91 991 194 1050; x_wconf 86' lang='lat' dir='ltr'><strong>malos</strong></span> <span class='ocrx_word' id='word_1_67' title='bbox 210 993 240 1050; x_wconf 91' lang='lat' dir='ltr'><strong>et</strong></span> <span class='ocrx_word' id='word_1_68' title='bbox 255 990 420 1066; x_wconf 87' lang='lat' dir='ltr'><strong>superfluos</strong></span> <span class='ocrx_word' id='word_1_69' title='bbox 435 989 575 1050; x_wconf 87' lang='lat' dir='ltr'><strong>humores</strong></span> <span class='ocrx_word' id='word_1_70' title='bbox 591 993 790 1066; x_wconf 86' lang='lat' dir='ltr'><strong>compescunt,</strong></span> <span class='ocrx_word' id='word_1_71' title='bbox 806 1010 865 1051; x_wconf 91' lang='lat' dir='ltr'><strong>non</strong></span> <span class='ocrx_word' id='word_1_72' title='bbox 880 994 952 1051; x_wconf 88' lang='lat' dir='ltr'><strong>aunt</strong></span> <span class='ocrx_word' id='word_1_73' title='bbox 969 993 996 1051; x_wconf 89' lang='lat' dir='ltr'><strong>ei</strong></span> <span class='ocrx_word' id='word_1_74' title='bbox 1012 993 1123 1052; x_wconf 84' lang='lat' dir='ltr'><strong>dandae</strong></span> 
     </span>
     <span class='ocr_line' id='line_1_10' title="bbox 91 1078 1123 1158; baseline 0.003 -20"><span class='ocrx_word' id='word_1_75' title='bbox 91 1081 128 1138; x_wconf 88' lang='lat' dir='ltr'><strong>in</strong></span> <span class='ocrx_word' id='word_1_76' title='bbox 152 1078 239 1138; x_wconf 87' lang='lat' dir='ltr'><strong>exitu</strong></span> <span class='ocrx_word' id='word_1_77' title='bbox 260 1078 383 1138; x_wconf 87' lang='lat' dir='ltr'><strong>infantis</strong></span> <span class='ocrx_word' id='word_1_78' title='bbox 409 1081 534 1155; x_wconf 87' lang='lat' dir='ltr'><strong>propter</strong></span> <span class='ocrx_word' id='word_1_79' title='bbox 560 1078 693 1138; x_wconf 85' lang='lat' dir='ltr'><strong>eiusdem</strong></span> <span class='ocrx_word' id='word_1_80' title='bbox 717 1080 864 1140; x_wconf 85' lang='lat' dir='ltr'><strong>nascentis</strong></span> <span class='ocrx_word' id='word_1_81' title='bbox 894 1080 1016 1141; x_wconf 86' lang='lat' dir='ltr'><strong>infantie</strong></span> <span class='ocrx_word' id='word_1_82' title='bbox 1046 1083 1123 1158; x_wconf 91' lang='lat' dir='ltr'><strong>peri·</strong></span> 
     </span>
     <span class='ocr_line' id='line_1_11' title="bbox 90 1167 1164 1244; baseline 0.004 -17"><span class='ocrx_word' id='word_1_83' title='bbox 90 1168 212 1243; x_wconf 87' lang='lat' dir='ltr'><strong>culum,</strong></span> <span class='ocrx_word' id='word_1_84' title='bbox 236 1168 389 1244; x_wconf 89' lang='lat' dir='ltr'><strong>quoniam,</strong></span> <span class='ocrx_word' id='word_1_85' title='bbox 412 1168 489 1228; x_wconf 87' lang='lat' dir='ltr'><strong>sieut</strong></span> <span class='ocrx_word' id='word_1_86' title='bbox 515 1167 605 1227; x_wconf 93' lang='lat' dir='ltr'><strong>homo</strong></span> <span class='ocrx_word' id='word_1_87' title='bbox 634 1169 843 1241; x_wconf 84' lang='lat' dir='ltr'><strong>suffocaretur,</strong></span> <span class='ocrx_word' id='word_1_88' title='bbox 873 1170 898 1229; x_wconf 90' lang='lat' dir='ltr'><strong>ei</strong></span> <span class='ocrx_word' id='word_1_89' title='bbox 925 1170 981 1229; x_wconf 89' lang='lat' dir='ltr'><strong>sub</strong></span> <span class='ocrx_word' id='word_1_90' title='bbox 1010 1173 1164 1231; x_wconf 87' lang='lat' dir='ltr'><strong>terram10</strong></span> 
     </span>
     <span class='ocr_line' id='line_1_12' title="bbox 91 1256 1123 1334; baseline 0.002 -17"><span class='ocrx_word' id='word_1_91' title='bbox 91 1260 270 1334; x_wconf 81' lang='lat' dir='ltr'><strong>poneretur,</strong></span> <span class='ocrx_word' id='word_1_92' title='bbox 295 1257 339 1316; x_wconf 89' lang='lat' dir='ltr'><strong>ita</strong></span> <span class='ocrx_word' id='word_1_93' title='bbox 361 1257 451 1316; x_wconf 89' lang='lat' dir='ltr'><strong>etiam</strong></span> <span class='ocrx_word' id='word_1_94' title='bbox 473 1256 510 1316; x_wconf 91' lang='lat' dir='ltr'><strong>de</strong></span> <span class='ocrx_word' id='word_1_95' title='bbox 531 1257 646 1316; x_wconf 85' lang='lat' dir='ltr'><strong>viribus</strong></span> <span class='ocrx_word' id='word_1_96' title='bbox 669 1261 700 1316; x_wconf 88' lang='lat' dir='ltr'><strong>et</strong></span> <span class='ocrx_word' id='word_1_97' title='bbox 723 1257 759 1316; x_wconf 91' lang='lat' dir='ltr'><strong>de</strong></span> <span class='ocrx_word' id='word_1_98' title='bbox 786 1257 870 1321; x_wconf 87' lang='lat' dir='ltr'><strong>fumo</strong></span> <span class='ocrx_word' id='word_1_99' title='bbox 898 1262 1065 1319; x_wconf 91' lang='lat' dir='ltr'><strong>aromatum</strong></span> <span class='ocrx_word' id='word_1_100' title='bbox 1093 1264 1123 1319; x_wconf 89' lang='lat' dir='ltr'><strong>et</strong></span> 
     </span>
     <span class='ocr_line' id='line_1_13' title="bbox 91 1345 1123 1425; baseline 0.004 -21"><span class='ocrx_word' id='word_1_101' title='bbox 91 1346 260 1406; x_wconf 87' lang='lat' dir='ltr'><strong>herbarum</strong></span> <span class='ocrx_word' id='word_1_102' title='bbox 281 1345 378 1404; x_wconf 84' lang='lat' dir='ltr'><strong>infans</strong></span> <span class='ocrx_word' id='word_1_103' title='bbox 401 1345 604 1419; x_wconf 85' lang='lat' dir='ltr'><strong>auffocaretur,</strong></span> <span class='ocrx_word' id='word_1_104' title='bbox 626 1347 653 1405; x_wconf 85' lang='lat' dir='ltr'><strong>si</strong></span> <span class='ocrx_word' id='word_1_105' title='bbox 676 1347 703 1405; x_wconf 91' lang='lat' dir='ltr'><strong>ei</strong></span> <span class='ocrx_word' id='word_1_106' title='bbox 725 1347 854 1407; x_wconf 79' lang='lat' dir='ltr'><strong>instante</strong></span> <span class='ocrx_word' id='word_1_107' title='bbox 876 1353 1010 1425; x_wconf 86' lang='lat' dir='ltr'><strong>tempore</strong></span> <span class='ocrx_word' id='word_1_108' title='bbox 1026 1349 1123 1409; x_wconf 86' lang='lat' dir='ltr'><strong>exitus</strong></span> 
     </span>
     <span class='ocr_line' id='line_1_14' title="bbox 91 1434 358 1495; baseline -0.004 0"><span class='ocrx_word' id='word_1_109' title='bbox 91 1437 145 1495; x_wconf 89' lang='lat' dir='ltr'><strong>sui</strong></span> <span class='ocrx_word' id='word_1_110' title='bbox 169 1434 358 1495; x_wconf 83' lang='lat' dir='ltr'><strong>adhibentur.</strong></span> 
     </span>
    </p>

    <p class='ocr_par' dir='ltr' id='par_1_3' title="bbox 91 1523 1166 2314">
     <span class='ocr_line' id='line_1_15' title="bbox 164 1523 1122 1601; baseline 0.003 -17"><span class='ocrx_word' id='word_1_111' title='bbox 164 1525 246 1586; x_wconf 78' lang='lat' dir='ltr'><strong>Item</strong></span> <span class='ocrx_word' id='word_1_112' title='bbox 268 1524 304 1584; x_wconf 81' lang='lat' dir='ltr'><strong>de</strong></span> <span class='ocrx_word' id='word_1_113' title='bbox 326 1526 475 1597; x_wconf 72' lang='lat' dir='ltr'><strong>conceptu.</strong></span> <span class='ocrx_word' id='word_1_114' title='bbox 520 1523 630 1584; x_wconf 85' lang='lat' dir='ltr'><strong>Mulier</strong></span> <span class='ocrx_word' id='word_1_115' title='bbox 653 1544 780 1601; x_wconf 88' lang='lat' dir='ltr'><strong>namque</strong></span> <span class='ocrx_word' id='word_1_116' title='bbox 808 1543 877 1585; x_wconf 91' lang='lat' dir='ltr'><strong>cum</strong></span> <span class='ocrx_word' id='word_1_117' title='bbox 905 1527 992 1587; x_wconf 84' lang='lat' dir='ltr'><strong>virile</strong></span> <span class='ocrx_word' id='word_1_118' title='bbox 1025 1546 1122 1587; x_wconf 89' lang='lat' dir='ltr'><strong>semen</strong></span> 
     </span>
     <span class='ocr_line' id='line_1_16' title="bbox 91 1613 1164 1693; baseline -0.003 -20"><span class='ocrx_word' id='word_1_119' title='bbox 91 1613 277 1690; x_wconf 87' lang='lat' dir='ltr'><strong>conceperit,</strong></span> <span class='ocrx_word' id='word_1_120' title='bbox 300 1615 458 1689; x_wconf 86' lang='lat' dir='ltr'><strong>conceptus</strong></span> <span class='ocrx_word' id='word_1_121' title='bbox 481 1613 601 1672; x_wconf 88' lang='lat' dir='ltr'><strong>seminis</strong></span> <span class='ocrx_word' id='word_1_122' title='bbox 629 1613 712 1672; x_wconf 87' lang='lat' dir='ltr'><strong>illius</strong></span> <span class='ocrx_word' id='word_1_123' title='bbox 741 1617 803 1673; x_wconf 82' lang='lat' dir='ltr'><strong>tam</strong></span> <span class='ocrx_word' id='word_1_124' title='bbox 836 1615 924 1674; x_wconf 85' lang='lat' dir='ltr'><strong>fortis</strong></span> <span class='ocrx_word' id='word_1_125' title='bbox 956 1620 1008 1692; x_wconf 87' lang='lat' dir='ltr'><strong>est,</strong></span> <span class='ocrx_word' id='word_1_126' title='bbox 1042 1617 1122 1693; x_wconf 88' lang='lat' dir='ltr'><strong>quod</strong></span> <span class='ocrx_word' id='word_1_127' title='bbox 1137 1627 1164 1671; x_wconf 83' lang='lat'><strong>15</strong></span> 
     </span>
     <span class='ocr_line' id='line_1_17' title="bbox 92 1702 1124 1780; baseline 0.002 -17"><span class='ocrx_word' id='word_1_128' title='bbox 92 1721 216 1763; x_wconf 92' lang='lat' dir='ltr'><strong>omnem</strong></span> <span class='ocrx_word' id='word_1_129' title='bbox 239 1704 426 1762; x_wconf 89' lang='lat' dir='ltr'><strong>menstruum</strong></span> <span class='ocrx_word' id='word_1_130' title='bbox 448 1702 623 1780; x_wconf 88' lang='lat' dir='ltr'><strong>sanguinem</strong></span> <span class='ocrx_word' id='word_1_131' title='bbox 645 1703 779 1762; x_wconf 87' lang='lat' dir='ltr'><strong>mulieris</strong></span> <span class='ocrx_word' id='word_1_132' title='bbox 802 1703 859 1763; x_wconf 89' lang='lat' dir='ltr'><strong>sibi</strong></span> <span class='ocrx_word' id='word_1_133' title='bbox 879 1704 1014 1780; x_wconf 80' lang='lat' dir='ltr'><strong>attrahit,</strong></span> <span class='ocrx_word' id='word_1_134' title='bbox 1038 1706 1124 1765; x_wconf 85' lang='lat' dir='ltr'><strong>velut</strong></span> 
     </span>
     <span class='ocr_line' id='line_1_18' title="bbox 92 1791 1123 1868; baseline 0.001 -16"><span class='ocrx_word' id='word_1_135' title='bbox 92 1792 201 1852; x_wconf 85' lang='lat' dir='ltr'><strong>fistula</strong></span> <span class='ocrx_word' id='word_1_136' title='bbox 235 1793 289 1849; x_wconf 88' lang='lat' dir='ltr'><strong>aut</strong></span> <span class='ocrx_word' id='word_1_137' title='bbox 318 1794 452 1867; x_wconf 86' lang='lat' dir='ltr'><strong>ventosa,</strong></span> <span class='ocrx_word' id='word_1_138' title='bbox 487 1811 577 1868; x_wconf 89' lang='lat' dir='ltr'><strong>quam</strong></span> <span class='ocrx_word' id='word_1_139' title='bbox 608 1792 742 1852; x_wconf 89' lang='lat' dir='ltr'><strong>minutor</strong></span> <span class='ocrx_word' id='word_1_140' title='bbox 775 1791 812 1850; x_wconf 85' lang='lat' dir='ltr'><strong>ad</strong></span> <span class='ocrx_word' id='word_1_141' title='bbox 844 1810 962 1852; x_wconf 86' lang='lat' dir='ltr'><strong>earnem</strong></span> <span class='ocrx_word' id='word_1_142' title='bbox 994 1794 1123 1853; x_wconf 90' lang='lat' dir='ltr'><strong>hominis</strong></span> 
     </span>
     <span class='ocr_line' id='line_1_19' title="bbox 92 1880 1123 1957; baseline 0.002 -17"><span class='ocrx_word' id='word_1_143' title='bbox 92 1880 192 1956; x_wconf 90' lang='lat' dir='ltr'><strong>ponit,</strong></span> <span class='ocrx_word' id='word_1_144' title='bbox 215 1880 348 1939; x_wconf 85' lang='lat' dir='ltr'><strong>multum</strong></span> <span class='ocrx_word' id='word_1_145' title='bbox 370 1880 544 1957; x_wconf 87' lang='lat' dir='ltr'><strong>sanguinem</strong></span> <span class='ocrx_word' id='word_1_146' title='bbox 567 1883 597 1940; x_wconf 89' lang='lat' dir='ltr'><strong>at</strong></span> <span class='ocrx_word' id='word_1_147' title='bbox 620 1881 719 1940; x_wconf 89' lang='lat' dir='ltr'><strong>tabem</strong></span> <span class='ocrx_word' id='word_1_148' title='bbox 742 1880 780 1939; x_wconf 88' lang='lat' dir='ltr'><strong>ad</strong></span> <span class='ocrx_word' id='word_1_149' title='bbox 794 1899 825 1940; x_wconf 91' lang='lat' dir='ltr'><strong>se</strong></span> <span class='ocrx_word' id='word_1_150' title='bbox 840 1881 932 1944; x_wconf 85' lang='lat' dir='ltr'><strong>ducit.</strong></span> <span class='ocrx_word' id='word_1_151' title='bbox 971 1882 1010 1942; x_wconf 82' lang='lat' dir='ltr'><strong>Et</strong></span> <span class='ocrx_word' id='word_1_152' title='bbox 1025 1901 1123 1942; x_wconf 88' lang='lat' dir='ltr'><strong>semen</strong></span> 
     </span>
     <span class='ocr_line' id='line_1_20' title="bbox 93 1969 1123 2049; baseline 0.001 -20"><span class='ocrx_word' id='word_1_153' title='bbox 93 1970 177 2029; x_wconf 89' lang='lat' dir='ltr'><strong>illud</strong></span> <span class='ocrx_word' id='word_1_154' title='bbox 201 1969 234 2027; x_wconf 90' lang='lat' dir='ltr'><strong>in</strong></span> <span class='ocrx_word' id='word_1_155' title='bbox 256 1969 380 2028; x_wconf 88' lang='lat' dir='ltr'><strong>muliere</strong></span> <span class='ocrx_word' id='word_1_156' title='bbox 410 1969 550 2045; x_wconf 86' lang='lat' dir='ltr'><strong>primitus</strong></span> <span class='ocrx_word' id='word_1_157' title='bbox 580 1971 612 2028; x_wconf 87' lang='lat' dir='ltr'><strong>in</strong></span> <span class='ocrx_word' id='word_1_158' title='bbox 643 1970 720 2030; x_wconf 87' lang='lat' dir='ltr'><strong>lacte</strong></span> <span class='ocrx_word' id='word_1_159' title='bbox 754 1972 806 2045; x_wconf 89' lang='lat' dir='ltr'><strong>est,</strong></span> <span class='ocrx_word' id='word_1_160' title='bbox 835 1969 939 2030; x_wconf 87' lang='lat' dir='ltr'><strong>deinde</strong></span> <span class='ocrx_word' id='word_1_161' title='bbox 962 1971 993 2030; x_wconf 92' lang='lat' dir='ltr'><strong>in</strong></span> <span class='ocrx_word' id='word_1_162' title='bbox 1016 1990 1123 2049; x_wconf 82' lang='lat' dir='ltr'><strong>coagu-</strong></span> 
     </span>
     <span class='ocr_line' id='line_1_21' title="bbox 95 2059 1166 2137; baseline -0.003 -20"><span class='ocrx_word' id='word_1_163' title='bbox 95 2059 210 2118; x_wconf 88' lang='lat' dir='ltr'><strong>latione</strong></span> <span class='ocrx_word' id='word_1_164' title='bbox 238 2062 269 2118; x_wconf 94' lang='lat' dir='ltr'><strong>et</strong></span> <span class='ocrx_word' id='word_1_165' title='bbox 291 2061 394 2134; x_wconf 87' lang='lat' dir='ltr'><strong>postea</strong></span> <span class='ocrx_word' id='word_1_166' title='bbox 415 2059 447 2116; x_wconf 90' lang='lat' dir='ltr'><strong>in</strong></span> <span class='ocrx_word' id='word_1_167' title='bbox 469 2077 569 2130; x_wconf 87' lang='lat' dir='ltr'><strong>carne,</strong></span> <span class='ocrx_word' id='word_1_168' title='bbox 596 2060 681 2118; x_wconf 85' lang='lat' dir='ltr'><strong>velut</strong></span> <span class='ocrx_word' id='word_1_169' title='bbox 703 2060 749 2118; x_wconf 89' lang='lat' dir='ltr'><strong>lac</strong></span> <span class='ocrx_word' id='word_1_170' title='bbox 772 2059 940 2135; x_wconf 80' lang='lat' dir='ltr'><strong>coagulatio</strong></span> <span class='ocrx_word' id='word_1_171' title='bbox 964 2063 995 2119; x_wconf 93' lang='lat' dir='ltr'><strong>et</strong></span> <span class='ocrx_word' id='word_1_172' title='bbox 1016 2078 1123 2137; x_wconf 82' lang='lat' dir='ltr'><strong>eoagu-</strong></span> <span class='ocrx_word' id='word_1_173' title='bbox 1138 2070 1166 2114; x_wconf 84' lang='lat'><strong>20</strong></span> 
     </span>
     <span class='ocr_line' id='line_1_22' title="bbox 94 2147 1124 2224; baseline 0.005 -19"><span class='ocrx_word' id='word_1_174' title='bbox 94 2147 241 2208; x_wconf 90' lang='lat' dir='ltr'><strong>lationem</strong></span> <span class='ocrx_word' id='word_1_175' title='bbox 269 2165 370 2206; x_wconf 88' lang='lat' dir='ltr'><strong>caseus</strong></span> <span class='ocrx_word' id='word_1_176' title='bbox 394 2147 596 2224; x_wconf 79' lang='lat' dir='ltr'><strong>subsequitur.</strong></span> <span class='ocrx_word' id='word_1_177' title='bbox 641 2148 681 2207; x_wconf 83' lang='lat' dir='ltr'><strong>Ilt</strong></span> <span class='ocrx_word' id='word_1_178' title='bbox 712 2147 754 2207; x_wconf 86' lang='lat' dir='ltr'><strong>sic</strong></span> <span class='ocrx_word' id='word_1_179' title='bbox 785 2148 882 2208; x_wconf 87' lang='lat' dir='ltr'><strong>infans</strong></span> <span class='ocrx_word' id='word_1_180' title='bbox 913 2149 945 2208; x_wconf 88' lang='lat' dir='ltr'><strong>in</strong></span> <span class='ocrx_word' id='word_1_181' title='bbox 971 2152 1124 2211; x_wconf 88' lang='lat' dir='ltr'><strong>menstruo</strong></span> 
     </span>
     <span class='ocr_line' id='line_1_23' title="bbox 97 2236 959 2314; baseline 0.005 -17"><span class='ocrx_word' id='word_1_182' title='bbox 97 2236 245 2314; x_wconf 86' lang='lat' dir='ltr'><strong>sanguine</strong></span> <span class='ocrx_word' id='word_1_183' title='bbox 267 2236 320 2295; x_wconf 91' lang='lat' dir='ltr'><strong>illo</strong></span> <span class='ocrx_word' id='word_1_184' title='bbox 343 2236 420 2296; x_wconf 88' lang='lat' dir='ltr'><strong>iacet</strong></span> <span class='ocrx_word' id='word_1_185' title='bbox 442 2239 472 2295; x_wconf 89' lang='lat' dir='ltr'><strong>et</strong></span> <span class='ocrx_word' id='word_1_186' title='bbox 492 2237 630 2296; x_wconf 84' lang='lat' dir='ltr'><strong>nutritur</strong></span> <span class='ocrx_word' id='word_1_187' title='bbox 651 2255 746 2314; x_wconf 86' lang='lat' dir='ltr'><strong>usque</strong></span> <span class='ocrx_word' id='word_1_188' title='bbox 770 2236 808 2295; x_wconf 90' lang='lat' dir='ltr'><strong>ad</strong></span> <span class='ocrx_word' id='word_1_189' title='bbox 829 2239 959 2313; x_wconf 77' lang='lat' dir='ltr'><strong>partum</strong></span> 
     </span>
    </p>

    <p class='ocr_par' dir='ltr' id='par_1_4' title="bbox 98 2324 1165 3368">
     <span class='ocr_line' id='line_1_24' title="bbox 165 2324 1124 2404; baseline 0.002 -19"><span class='ocrx_word' id='word_1_190' title='bbox 165 2327 245 2385; x_wconf 80' lang='lat' dir='ltr'><strong>Item</strong></span> <span class='ocrx_word' id='word_1_191' title='bbox 267 2325 304 2385; x_wconf 80' lang='lat' dir='ltr'><strong>dc</strong></span> <span class='ocrx_word' id='word_1_192' title='bbox 321 2328 424 2398; x_wconf 76' lang='lat' dir='ltr'><strong>parto.</strong></span> <span class='ocrx_word' id='word_1_193' title='bbox 469 2324 545 2385; x_wconf 80' lang='lat' dir='ltr'><strong>Oum</strong></span> <span class='ocrx_word' id='word_1_194' title='bbox 572 2330 674 2386; x_wconf 87' lang='lat' dir='ltr'><strong>eutem</strong></span> <span class='ocrx_word' id='word_1_195' title='bbox 703 2327 810 2402; x_wconf 86' lang='lat' dir='ltr'><strong>partus</strong></span> <span class='ocrx_word' id='word_1_196' title='bbox 843 2327 994 2404; x_wconf 85' lang='lat' dir='ltr'><strong>institerit,</strong></span> <span class='ocrx_word' id='word_1_197' title='bbox 1028 2327 1124 2388; x_wconf 84' lang='lat' dir='ltr'><strong>infans</strong></span> 
     </span>
     <span class='ocr_line' id='line_1_25' title="bbox 98 2414 1124 2492; baseline 0.002 -18"><span class='ocrx_word' id='word_1_198' title='bbox 98 2433 169 2474; x_wconf 88' lang='lat' dir='ltr'><strong>oum</strong></span> <span class='ocrx_word' id='word_1_199' title='bbox 203 2414 397 2473; x_wconf 88' lang='lat' dir='ltr'><strong>inundatione</strong></span> <span class='ocrx_word' id='word_1_200' title='bbox 430 2415 583 2492; x_wconf 84' lang='lat' dir='ltr'><strong>sanguinis</strong></span> <span class='ocrx_word' id='word_1_201' title='bbox 626 2416 797 2492; x_wconf 86' lang='lat' dir='ltr'><strong>egreditur,</strong></span> <span class='ocrx_word' id='word_1_202' title='bbox 841 2416 926 2476; x_wconf 85' lang='lat' dir='ltr'><strong>velut</strong></span> <span class='ocrx_word' id='word_1_203' title='bbox 969 2417 1124 2477; x_wconf 87' lang='lat' dir='ltr'><strong>inundatio</strong></span> 
     </span>
     <span class='ocr_line' id='line_1_26' title="bbox 98 2502 1163 2581; baseline 0.002 -19"><span class='ocrx_word' id='word_1_204' title='bbox 98 2521 249 2581; x_wconf 89' lang='lat' dir='ltr'><strong>aquarum</strong></span> <span class='ocrx_word' id='word_1_205' title='bbox 271 2504 325 2562; x_wconf 88' lang='lat' dir='ltr'><strong>aut</strong></span> <span class='ocrx_word' id='word_1_206' title='bbox 346 2502 459 2579; x_wconf 86' lang='lat' dir='ltr'><strong>lapidea</strong></span> <span class='ocrx_word' id='word_1_207' title='bbox 482 2507 535 2564; x_wconf 85' lang='lat' dir='ltr'><strong>aut</strong></span> <span class='ocrx_word' id='word_1_208' title='bbox 556 2504 640 2580; x_wconf 86' lang='lat' dir='ltr'><strong>ligna</strong></span> <span class='ocrx_word' id='word_1_209' title='bbox 661 2505 693 2562; x_wconf 90' lang='lat' dir='ltr'><strong>in</strong></span> <span class='ocrx_word' id='word_1_210' title='bbox 716 2521 807 2563; x_wconf 87' lang='lat' dir='ltr'><strong>eursu</strong></span> <span class='ocrx_word' id='word_1_211' title='bbox 829 2523 884 2564; x_wconf 92' lang='lat' dir='ltr'><strong>suo</strong></span> <span class='ocrx_word' id='word_1_212' title='bbox 907 2505 1018 2566; x_wconf 88' lang='lat' dir='ltr'><strong>educit.</strong></span> <span class='ocrx_word' id='word_1_213' title='bbox 1063 2505 1121 2566; x_wconf 84' lang='lat' dir='ltr'><strong>Sed</strong></span> <span class='ocrx_word' id='word_1_214' title='bbox 1135 2514 1163 2559; x_wconf 74' lang='lat'><strong>²5</strong></span> 
     </span>
     <span class='ocr_line' id='line_1_27' title="bbox 99 2591 1120 2670; baseline 0.003 -19"><span class='ocrx_word' id='word_1_215' title='bbox 99 2593 178 2653; x_wconf 87' lang='lat' dir='ltr'><strong>livor</strong></span> <span class='ocrx_word' id='word_1_216' title='bbox 200 2595 231 2651; x_wconf 86' lang='lat' dir='ltr'><strong>et</strong></span> <span class='ocrx_word' id='word_1_217' title='bbox 253 2592 350 2652; x_wconf 86' lang='lat' dir='ltr'><strong>foetor</strong></span> <span class='ocrx_word' id='word_1_218' title='bbox 372 2593 517 2652; x_wconf 87' lang='lat' dir='ltr'><strong>menstrui</strong></span> <span class='ocrx_word' id='word_1_219' title='bbox 540 2594 694 2670; x_wconf 86' lang='lat' dir='ltr'><strong>sanguinis</strong></span> <span class='ocrx_word' id='word_1_220' title='bbox 717 2591 814 2652; x_wconf 88' lang='lat' dir='ltr'><strong>adhue</strong></span> <span class='ocrx_word' id='word_1_221' title='bbox 836 2595 868 2652; x_wconf 91' lang='lat' dir='ltr'><strong>in</strong></span> <span class='ocrx_word' id='word_1_222' title='bbox 897 2613 931 2653; x_wconf 91' lang='lat' dir='ltr'><strong>ea</strong></span> <span class='ocrx_word' id='word_1_223' title='bbox 958 2598 1120 2666; x_wconf 90' lang='lat' dir='ltr'><strong>remanent,</strong></span> 
     </span>
     <span class='ocr_line' id='line_1_28' title="bbox 102 2680 1125 2760; baseline 0.003 -20"><span class='ocrx_word' id='word_1_224' title='bbox 102 2683 174 2758; x_wconf 86' lang='lat' dir='ltr'><strong>quie</strong></span> <span class='ocrx_word' id='word_1_225' title='bbox 197 2680 236 2740; x_wconf 94' lang='lat' dir='ltr'><strong>ab</strong></span> <span class='ocrx_word' id='word_1_226' title='bbox 258 2699 293 2740; x_wconf 87' lang='lat' dir='ltr'><strong>ea</strong></span> <span class='ocrx_word' id='word_1_227' title='bbox 319 2685 381 2740; x_wconf 89' lang='lat' dir='ltr'><strong>tam</strong></span> <span class='ocrx_word' id='word_1_228' title='bbox 404 2681 464 2740; x_wconf 89' lang='lat' dir='ltr'><strong>cito</strong></span> <span class='ocrx_word' id='word_1_229' title='bbox 496 2683 623 2760; x_wconf 85' lang='lat' dir='ltr'><strong>purgari</strong></span> <span class='ocrx_word' id='word_1_230' title='bbox 655 2702 712 2742; x_wconf 92' lang='lat' dir='ltr'><strong>non</strong></span> <span class='ocrx_word' id='word_1_231' title='bbox 743 2685 884 2758; x_wconf 86' lang='lat' dir='ltr'><strong>possunt,</strong></span> <span class='ocrx_word' id='word_1_232' title='bbox 916 2702 993 2760; x_wconf 88' lang='lat' dir='ltr'><strong>quae</strong></span> <span class='ocrx_word' id='word_1_233' title='bbox 1022 2687 1125 2760; x_wconf 85' lang='lat' dir='ltr'><strong>postea</strong></span> 
     </span>
     <span class='ocr_line' id='line_1_29' title="bbox 101 2768 1125 2850; baseline 0.004 -22"><span class='ocrx_word' id='word_1_234' title='bbox 101 2769 250 2846; x_wconf 86' lang='lat' dir='ltr'><strong>paulatim</strong></span> <span class='ocrx_word' id='word_1_235' title='bbox 273 2768 310 2828; x_wconf 85' lang='lat' dir='ltr'><strong>ab</strong></span> <span class='ocrx_word' id='word_1_236' title='bbox 333 2788 367 2828; x_wconf 87' lang='lat' dir='ltr'><strong>ea</strong></span> <span class='ocrx_word' id='word_1_237' title='bbox 390 2789 444 2846; x_wconf 87' lang='lat' dir='ltr'><strong>per</strong></span> <span class='ocrx_word' id='word_1_238' title='bbox 467 2770 677 2848; x_wconf 87' lang='lat' dir='ltr'><strong>subsequentia</strong></span> <span class='ocrx_word' id='word_1_239' title='bbox 698 2775 834 2847; x_wconf 90' lang='lat' dir='ltr'><strong>tempora</strong></span> <span class='ocrx_word' id='word_1_240' title='bbox 854 2776 1032 2850; x_wconf 86' lang='lat' dir='ltr'><strong>purgantur.</strong></span> <span class='ocrx_word' id='word_1_241' title='bbox 1067 2771 1125 2832; x_wconf 85' lang='lat' dir='ltr'><strong>Sed</strong></span> 
     </span>
     <span class='ocr_line' id='line_1_30' title="bbox 101 2858 1123 2939; baseline 0.003 -21"><span class='ocrx_word' id='word_1_242' title='bbox 101 2858 244 2935; x_wconf 84' lang='lat' dir='ltr'><strong>purgatio</strong></span> <span class='ocrx_word' id='word_1_243' title='bbox 268 2859 411 2934; x_wconf 88' lang='lat' dir='ltr'><strong>mulieris,</strong></span> <span class='ocrx_word' id='word_1_244' title='bbox 435 2878 510 2936; x_wconf 84' lang='lat' dir='ltr'><strong>quae</strong></span> <span class='ocrx_word' id='word_1_245' title='bbox 532 2861 564 2918; x_wconf 92' lang='lat' dir='ltr'><strong>in</strong></span> <span class='ocrx_word' id='word_1_246' title='bbox 586 2864 695 2920; x_wconf 88' lang='lat' dir='ltr'><strong>natura</strong></span> <span class='ocrx_word' id='word_1_247' title='bbox 717 2878 772 2920; x_wconf 88' lang='lat' dir='ltr'><strong>sua</strong></span> <span class='ocrx_word' id='word_1_248' title='bbox 796 2862 873 2920; x_wconf 86' lang='lat' dir='ltr'><strong>sicea</strong></span> <span class='ocrx_word' id='word_1_249' title='bbox 888 2864 932 2922; x_wconf 86' lang='lat' dir='ltr'><strong>est</strong></span> <span class='ocrx_word' id='word_1_250' title='bbox 955 2864 985 2920; x_wconf 92' lang='lat' dir='ltr'><strong>et</strong></span> <span class='ocrx_word' id='word_1_251' title='bbox 1001 2880 1078 2939; x_wconf 90' lang='lat' dir='ltr'><strong>quae</strong></span> <span class='ocrx_word' id='word_1_252' title='bbox 1092 2863 1123 2921; x_wconf 91' lang='lat' dir='ltr'><strong>in</strong></span> 
     </span>
     <span class='ocr_line' id='line_1_31' title="bbox 99 2947 1165 3027; baseline 0.003 -21"><span class='ocrx_word' id='word_1_253' title='bbox 99 2947 279 3007; x_wconf 84' lang='lat' dir='ltr'><strong>humoribus</strong></span> <span class='ocrx_word' id='word_1_254' title='bbox 301 2965 360 3007; x_wconf 89' lang='lat' dir='ltr'><strong>non</strong></span> <span class='ocrx_word' id='word_1_255' title='bbox 382 2948 514 3008; x_wconf 87' lang='lat' dir='ltr'><strong>multum</strong></span> <span class='ocrx_word' id='word_1_256' title='bbox 535 2948 699 3027; x_wconf 87' lang='lat' dir='ltr'><strong>habundat,</strong></span> <span class='ocrx_word' id='word_1_257' title='bbox 721 2952 792 3027; x_wconf 89' lang='lat' dir='ltr'><strong>post</strong></span> <span class='ocrx_word' id='word_1_258' title='bbox 813 2954 937 3027; x_wconf 86' lang='lat' dir='ltr'><strong>partum</strong></span> <span class='ocrx_word' id='word_1_259' title='bbox 960 2969 1013 3027; x_wconf 90' lang='lat' dir='ltr'><strong>per</strong></span> <span class='ocrx_word' id='word_1_260' title='bbox 1027 2971 1122 3027; x_wconf 83' lang='lat' dir='ltr'><strong>pauca</strong></span> <span class='ocrx_word' id='word_1_261' title='bbox 1136 2959 1165 3004; x_wconf 78' lang='lat'><strong>30</strong></span> 
     </span>
     <span class='ocr_line' id='line_1_32' title="bbox 100 3038 1125 3120; baseline 0.002 -24"><span class='ocrx_word' id='word_1_262' title='bbox 100 3039 238 3113; x_wconf 81' lang='lat' dir='ltr'><strong>tempora</strong></span> <span class='ocrx_word' id='word_1_263' title='bbox 261 3038 435 3113; x_wconf 87' lang='lat' dir='ltr'><strong>completur,</strong></span> <span class='ocrx_word' id='word_1_264' title='bbox 458 3039 599 3116; x_wconf 78' lang='lat' dir='ltr'><strong>purgatio</strong></span> <span class='ocrx_word' id='word_1_265' title='bbox 622 3043 724 3099; x_wconf 88' lang='lat' dir='ltr'><strong>autem</strong></span> <span class='ocrx_word' id='word_1_266' title='bbox 746 3038 838 3116; x_wconf 88' lang='lat' dir='ltr'><strong>illius,</strong></span> <span class='ocrx_word' id='word_1_267' title='bbox 862 3041 993 3120; x_wconf 90' lang='lat' dir='ltr'><strong>quaein</strong></span> <span class='ocrx_word' id='word_1_268' title='bbox 1016 3043 1125 3100; x_wconf 86' lang='lat' dir='ltr'><strong>natura</strong></span> 
     </span>
     <span class='ocr_line' id='line_1_33' title="bbox 102 3125 1124 3204; baseline 0.002 -18"><span class='ocrx_word' id='word_1_269' title='bbox 102 3144 156 3186; x_wconf 83' lang='lat' dir='ltr'><strong>ena</strong></span> <span class='ocrx_word' id='word_1_270' title='bbox 177 3125 300 3185; x_wconf 91' lang='lat' dir='ltr'><strong>humida</strong></span> <span class='ocrx_word' id='word_1_271' title='bbox 321 3128 367 3185; x_wconf 87' lang='lat' dir='ltr'><strong>est</strong></span> <span class='ocrx_word' id='word_1_272' title='bbox 396 3129 427 3186; x_wconf 92' lang='lat' dir='ltr'><strong>et</strong></span> <span class='ocrx_word' id='word_1_273' title='bbox 453 3146 528 3203; x_wconf 84' lang='lat' dir='ltr'><strong>quae</strong></span> <span class='ocrx_word' id='word_1_274' title='bbox 555 3127 587 3186; x_wconf 91' lang='lat' dir='ltr'><strong>in</strong></span> <span class='ocrx_word' id='word_1_275' title='bbox 609 3128 787 3189; x_wconf 87' lang='lat' dir='ltr'><strong>humoribus</strong></span> <span class='ocrx_word' id='word_1_276' title='bbox 815 3128 981 3204; x_wconf 90' lang='lat' dir='ltr'><strong>habundat,</strong></span> <span class='ocrx_word' id='word_1_277' title='bbox 1010 3128 1124 3188; x_wconf 91' lang='lat' dir='ltr'><strong>diutius</strong></span> 
     </span>
     <span class='ocr_line' id='line_1_34' title="bbox 102 3214 1124 3294; baseline 0.003 -21"><span class='ocrx_word' id='word_1_278' title='bbox 102 3214 292 3290; x_wconf 87' lang='lat' dir='ltr'><strong>protrahitur</strong></span> <span class='ocrx_word' id='word_1_279' title='bbox 315 3235 406 3291; x_wconf 91' lang='lat' dir='ltr'><strong>quam</strong></span> <span class='ocrx_word' id='word_1_280' title='bbox 434 3215 523 3291; x_wconf 89' lang='lat' dir='ltr'><strong>illius,</strong></span> <span class='ocrx_word' id='word_1_281' title='bbox 556 3236 632 3294; x_wconf 89' lang='lat' dir='ltr'><strong>quae</strong></span> <span class='ocrx_word' id='word_1_282' title='bbox 662 3219 738 3279; x_wconf 86' lang='lat' dir='ltr'><strong>sicca</strong></span> <span class='ocrx_word' id='word_1_283' title='bbox 770 3221 816 3278; x_wconf 86' lang='lat' dir='ltr'><strong>est</strong></span> <span class='ocrx_word' id='word_1_284' title='bbox 845 3221 876 3276; x_wconf 89' lang='lat' dir='ltr'><strong>et</strong></span> <span class='ocrx_word' id='word_1_285' title='bbox 907 3237 981 3294; x_wconf 88' lang='lat' dir='ltr'><strong>quae</strong></span> <span class='ocrx_word' id='word_1_286' title='bbox 1014 3218 1124 3280; x_wconf 90' lang='lat' dir='ltr'><strong>multos</strong></span> 
     </span>
     <span class='ocr_line' id='line_1_35' title="bbox 105 3303 552 3368; baseline 0.011 -6"><span class='ocrx_word' id='word_1_287' title='bbox 105 3303 243 3364; x_wconf 85' lang='lat' dir='ltr'><strong>humores</strong></span> <span class='ocrx_word' id='word_1_288' title='bbox 265 3303 297 3362; x_wconf 88' lang='lat' dir='ltr'><strong>in</strong></span> <span class='ocrx_word' id='word_1_289' title='bbox 320 3322 350 3363; x_wconf 88' lang='lat' dir='ltr'><strong>ae</strong></span> <span class='ocrx_word' id='word_1_290' title='bbox 372 3323 431 3364; x_wconf 90' lang='lat' dir='ltr'><strong>non</strong></span> <span class='ocrx_word' id='word_1_291' title='bbox 453 3304 552 3368; x_wconf 82' lang='lat' dir='ltr'><strong>habet.</strong></span> 
     </span>
    </p>

    <p class='ocr_par' dir='ltr' id='par_1_5' title="bbox 107 3389 1166 3651">
     <span class='ocr_line' id='line_1_36' title="bbox 169 3389 1166 3473; baseline 0.003 -20"><span class='ocrx_word' id='word_1_292' title='bbox 169 3393 215 3454; x_wconf 83' lang='lat' dir='ltr'><strong>De</strong></span> <span class='ocrx_word' id='word_1_293' title='bbox 237 3389 370 3473; x_wconf 72' lang='lat' dir='ltr'><strong>infantie</strong></span> <span class='ocrx_word' id='word_1_294' title='bbox 391 3395 553 3456; x_wconf 72' lang='lat' dir='ltr'><strong>teneritate.</strong></span> <span class='ocrx_word' id='word_1_295' title='bbox 593 3395 678 3466; x_wconf 77' lang='lat' dir='ltr'><strong>Quod</strong></span> <span class='ocrx_word' id='word_1_296' title='bbox 701 3399 803 3456; x_wconf 88' lang='lat' dir='ltr'><strong>autem</strong></span> <span class='ocrx_word' id='word_1_297' title='bbox 824 3395 952 3456; x_wconf 86' lang='lat' dir='ltr'><strong>infantes</strong></span> <span class='ocrx_word' id='word_1_298' title='bbox 975 3414 1044 3454; x_wconf 85' lang='lat' dir='ltr'><strong>mox</strong></span> <span class='ocrx_word' id='word_1_299' title='bbox 1066 3415 1124 3456; x_wconf 88' lang='lat' dir='ltr'><strong>non</strong></span> <span class='ocrx_word' id='word_1_300' title='bbox 1138 3405 1166 3448; x_wconf 77' lang='lat'><strong>³⁵</strong></span> 
     </span>
     <span class='ocr_line' id='line_1_37' title="bbox 107 3481 1125 3560; baseline 0 -19"><span class='ocrx_word' id='word_1_301' title='bbox 107 3481 268 3554; x_wconf 84' lang='lat' dir='ltr'><strong>ambulant,</strong></span> <span class='ocrx_word' id='word_1_302' title='bbox 301 3499 370 3542; x_wconf 89' lang='lat' dir='ltr'><strong>oum</strong></span> <span class='ocrx_word' id='word_1_303' title='bbox 396 3484 459 3542; x_wconf 86' lang='lat' dir='ltr'><strong>nati</strong></span> <span class='ocrx_word' id='word_1_304' title='bbox 485 3483 606 3556; x_wconf 83' lang='lat' dir='ltr'><strong>fuerint,</strong></span> <span class='ocrx_word' id='word_1_305' title='bbox 638 3483 695 3545; x_wconf 90' lang='lat' dir='ltr'><strong>hoe</strong></span> <span class='ocrx_word' id='word_1_306' title='bbox 725 3485 792 3545; x_wconf 91' lang='lat' dir='ltr'><strong>ideo</strong></span> <span class='ocrx_word' id='word_1_307' title='bbox 827 3487 879 3560; x_wconf 87' lang='lat' dir='ltr'><strong>ast,</strong></span> <span class='ocrx_word' id='word_1_308' title='bbox 914 3483 1055 3560; x_wconf 86' lang='lat' dir='ltr'><strong>quoniam</strong></span> <span class='ocrx_word' id='word_1_309' title='bbox 1090 3485 1125 3544; x_wconf 87' lang='lat' dir='ltr'><strong>de</strong></span> 
     </span>
     <span class='ocr_line' id='line_1_38' title="bbox 107 3571 1125 3651; baseline 0.003 -22"><span class='ocrx_word' id='word_1_310' title='bbox 107 3571 188 3631; x_wconf 83' lang='lat' dir='ltr'><strong>tenui</strong></span> <span class='ocrx_word' id='word_1_311' title='bbox 221 3571 330 3632; x_wconf 88' lang='lat' dir='ltr'><strong>semine</strong></span> <span class='ocrx_word' id='word_1_312' title='bbox 360 3572 449 3632; x_wconf 93' lang='lat' dir='ltr'><strong>homo</strong></span> <span class='ocrx_word' id='word_1_313' title='bbox 481 3573 648 3650; x_wconf 87' lang='lat' dir='ltr'><strong>coneipitur</strong></span> <span class='ocrx_word' id='word_1_314' title='bbox 677 3577 707 3633; x_wconf 87' lang='lat' dir='ltr'><strong>et</strong></span> <span class='ocrx_word' id='word_1_315' title='bbox 738 3575 899 3651; x_wconf 82' lang='lat' dir='ltr'><strong>quiscere</strong></span> <span class='ocrx_word' id='word_1_316' title='bbox 922 3575 1039 3631; x_wconf 86' lang='lat' dir='ltr'><strong>atossa</strong></span> <span class='ocrx_word' id='word_1_317' title='bbox 1062 3573 1125 3632; x_wconf 84' lang='lat' dir='ltr'><strong>eius</strong></span> 
     </span>
    </p>
   </div>
   <div class='ocr_carea' id='block_1_3' title="bbox 0 0 1345 3932">
    <p class='ocr_par' dir='ltr' id='par_1_6' title="bbox 0 0 1345 3932">
     <span class='ocr_line' id='line_1_39' title="bbox 0 0 1345 3932; baseline 0 0"><span class='ocrx_word' id='word_1_318' title='bbox 0 0 1345 3932; x_wconf 95' lang='lat' dir='ltr'><strong> </strong></span> 
     </span>
    </p>
   </div>
  </div>
 </body>
</html>
