2662 3932
205 199 268 257 144
589 188 835 245 HILDEGARDIS

203 378 313 452 potest,
345 375 411 434 ideo
440 375 527 432 timet
554 375 643 433 deum
669 378 699 432 et
726 375 820 446 tristis
843 378 899 448 est,
932 393 965 433 ac
986 375 1027 433 sic
1050 375 1236 434 multotiens

203 467 234 523 in
256 465 380 523 tristitia
402 464 455 521 1111
478 464 614 539 desperat
640 463 787 538 diffidens⁷
820 466 856 522 ut
883 464 955 522 deus
983 483 1052 522 eum
1081 466 1234 524 observet.
1324 469 1325 474 ’

202 555 242 612 st
287 553 425 630 quoniam
468 552 557 611 homo
601 552 637 611 11
678 553 839 630 imaginem
882 553 929 612 dei
975 554 1122 612 formatus
1177 558 1233 626 eat
1324 569 1325 612 1

202 662 262 703 non
294 645 392 718 potest
419 642 563 717 omittere,
595 641 668 717 quin
703 642 790 700 deum
823 643 938 714 timeat,
974 647 1003 701 et
1032 643 1099 702 ideo
1133 663 1232 719 grave
1324 635 1325 664 ³

176 734 249 793 sest
287 731 405 790 diabolo
447 750 513 790 curn
551 731 670 789 homine
708 732 889 805 conversari,
932 732 985 806 qui
1024 732 1070 789 illi
1105 733 1232 806 resistit,

204 819 283 897 quod
319 821 408 880 homo
452 819 540 880 deum
584 824 683 878 tamen
721 820 789 894 plus
828 821 915 878 timet
952 840 1042 896 quam
1081 821 1232 892 diabolus,

202 911 245 968 111
275 909 355 985 quod
387 909 475 968 homo
508 928 588 985 spem
620 910 651 966 in
684 910 772 967 deum
810 909 914 983 habet,
956 910 1093 968 diabolus
1125 915 1231 970 autem

201 999 316 1059 nullam
346 998 383 1056 ad
411 999 510 1074 ipsum
538 1001 627 1062 tanet.
672 997 730 1057 Sed
761 1003 791 1056 et
823 999 973 1075 suggestio
1004 998 1116 1058 diaboli
1148 1001 1230 1058 mul·

201 1088 311 1148 totiens
326 1088 357 1145 in
374 1087 448 1146 hanc
463 1087 666 1146 melancoliam
682 1105 712 1146 se
727 1087 880 1164 intorquet
894 1091 925 1147 et
944 1089 1093 1147 homiuem
1108 1089 1232 1148 tristem

163 1193 190 1238 ro
204 1181 234 1236 et
256 1176 460 1252 desperantem
482 1176 569 1250 facit,
602 1176 645 1234 111
675 1176 755 1253 quod
782 1176 871 1234 multi
894 1177 1066 1235 huiusmodi
1093 1177 1232 1238 homines

203 1267 234 1324 in
257 1265 460 1341 desperatione
487 1283 518 1323 se
544 1265 689 1324 suffocant
711 1268 742 1324 et
763 1268 932 1340 conterunt,
959 1267 1050 1323 multi
1073 1271 1176 1326 eutem
1199 1269 1232 1326 in

202 1355 258 1414 hoc
281 1355 359 1413 malo
387 1354 444 1412 sibi
471 1355 514 1413 111
543 1354 698 1430 resistunt,
730 1355 811 1430 quod
839 1356 923 1414 velut
949 1358 1095 1430 martyres
1119 1357 1149 1414 in
1174 1356 1232 1416 hac
1324 1343 1325 1394 ἶ

202 1463 304 1519 pugna
326 1446 404 1501 sunt.

270 1533 316 1591 De
331 1533 439 1591 meotis
455 1535 651 1606 oppressione.
685 1532 724 1590 Et
740 1532 876 1592 diabolus
895 1533 937 1591 sic
952 1533 1062 1610 fatigat
1077 1533 1231 1593 hominem
1324 1549 1325 1568 ¹

164 1639 192 1682 15
205 1625 266 1679 tam
300 1621 474 1698 vigilantem
506 1639 596 1697 quarn
628 1622 822 1681 dormientem
853 1625 942 1698 etque
974 1621 1127 1680 interdum
1159 1643 1231 1682 eum

207 1710 399 1768 dormientem
430 1710 485 1770 hoc
517 1710 604 1784 modo
632 1710 753 1788 fatigat,
787 1710 866 1786 quod
897 1714 993 1786 putat,
1023 1713 1105 1786 quod
1129 1714 1231 1787 ipsum
1324 1745 1325 1766 1

207 1799 322 1876 aiiquid
344 1809 468 1874 premat.

270 1890 317 1948 De
339 1889 450 1948 dioboli
473 1889 548 1948 odio.
595 1888 740 1958 Quoniam
764 1889 898 1948 diabolus
925 1890 1069 1948 virtutem
1099 1890 1233 1950 hominis
1324 1971 1325 1974 Ἴ

206 1977 282 2046 odit,
315 1978 382 2037 ideo
407 1980 497 2037 etiam
521 1997 620 2037 omnes
643 1978 773 2055 reliquas
796 1982 953 2052 creaturas,
978 1997 1054 2054 quae
1075 1980 1232 2040 virtuosae

164 2068 507 2142 sosuntinpecoribus
530 2068 612 2126 etin
635 2067 748 2140 herbis,
784 2071 813 2126 11
837 2087 912 2144 quae
939 2068 1066 2126 mundae
1094 2074 1125 2127 et
1154 2090 1232 2146 quae

205 2157 293 2214 utiles
316 2159 393 2231 sunt,
418 2157 486 2215 odio
509 2156 604 2217 habet.
651 2157 708 2227 Qui
736 2176 807 2234 ergo
836 2177 853 2214 1
881 2157 1027 2216 diabolico
1051 2158 1229 2218 fantasmata

205 2246 236 2303 in
268 2245 315 2302 die
350 2263 383 2303 11
415 2246 446 2303 in
475 2249 562 2304 nocte
593 2245 743 2322 vigilando
776 2249 830 2304 aut
865 2246 1037 2305 dormiendo
1072 2247 1228 2324 fatigatur.

205 2333 383 2393 medicamen
413 2355 430 2391 1
457 2333 512 2392 111
541 2334 609 2392 inde
637 2335 737 2394 datum
773 2339 903 2411 quaerat.
951 2333 1008 2392 Sed
1036 2353 1104 2394 cum
1139 2337 1227 2397 homo

206 2425 236 2482 iu
259 2423 374 2481 laetitia
397 2427 449 2481 aut
471 2423 501 2480 in
525 2423 650 2482 tristitie
674 2425 779 2484 autin
802 2424 1029 2484 mansuetudine
1053 2427 1160 2484 autin
1183 2427 1228 2484 ira

166 2516 260 2572 151111
283 2513 313 2570 in
337 2512 403 2570 aliis
426 2512 471 2569 his
494 2512 626 2571 moribus
649 2516 706 2587 est,
734 2516 806 2572 tunc
829 2515 882 2572 diu
904 2515 934 2571 in
958 2513 1004 2572 his
1027 2533 1147 2573 manere
1169 2534 1227 2573 non

205 2604 312 2678 potest,
335 2601 383 2660 sed
408 2601 444 2659 11
469 2601 541 2660 alios
560 2621 656 2661 mores
677 2607 707 2661 et
726 2606 825 2661 motus
841 2622 908 2661 eum
931 2602 1226 2679 declinereoportet.

205 2693 244 2750 Et
266 2709 332 2750 cum
355 2691 433 2749 inter
453 2690 526 2749 duas
542 2693 720 2750 mutationes
736 2695 788 2762 est,
808 2693 851 2750 ita
868 2692 947 2768 quod
962 2711 1055 2749 unum
1073 2693 1183 2752 deserit
1198 2697 1227 2752 et

206 2779 287 2839 aliud
311 2779 424 2854 incipit,
449 2780 546 2838 anima
567 2780 642 2840 hanc
664 2782 859 2840 mutationem
884 2781 1062 2839 naturaliter
1086 2784 1178 2840 sentit
1198 2785 1227 2841 11

205 2869 290 2945 quasi
302 2868 432 2926 taedium
446 2868 542 2939 habet,
556 2873 636 2945 quod
647 2873 694 2929 tot
704 2871 883 2930 mutationes
894 2870 1006 2944 incipit,
1016 2873 1046 2928 et
1054 2869 1136 2942 facit,
1143 2871 1226 2930 velut

165 2972 194 3016 so
207 2978 225 3016 a
247 2975 369 3033 corpore
386 2958 518 3016 secedere
533 2959 614 3032 velit,
638 2960 749 3018 scilicet
762 2963 799 3017 ut
813 2963 885 3018 tune
901 2960 980 3032 facit,
997 2977 1065 3018 eum
1081 2961 1226 3020 moriente

205 3066 328 3122 corpore
350 3047 502 3123 egreditur
530 3065 561 3105 os
590 3047 715 3107 hominis
738 3048 908 3123 aperiendo,
942 3068 1010 3107 cum
1036 3048 1080 3105 ita
1111 3051 1225 3112 oscitat.

270 3137 316 3195 De
339 3137 516 3196 oscitatione.
563 3136 602 3194 Et
634 3157 700 3196 cum
728 3138 816 3196 homo
847 3141 919 3196 tune
948 3138 1019 3196 alias
1042 3139 1224 3197 mutationes

205 3230 258 3285 aut
280 3225 338 3282 alia
365 3244 454 3300 opera
481 3227 598 3284 strenue
626 3228 783 3303 inceperit,
816 3227 914 3284 anima
940 3227 1051 3285 iterum
1083 3247 1100 3284 a
1126 3229 1224 3306 taedio

204 3314 380 3374 mutationis
412 3314 502 3373 huius
538 3316 670 3391 quiescit.
720 3316 776 3375 Sed
808 3319 838 3374 et
869 3334 936 3374 cum
964 3316 1041 3373 alius
1072 3315 1162 3374 homo
1194 3318 1223 3374 iu

166 3405 303 3464 sstaedio
327 3407 372 3462 est
395 3407 424 3463 et
446 3404 521 3462 hanc
545 3405 747 3464 oscitationem
771 3406 801 3463 in
824 3406 942 3464 homine
962 3406 1021 3464 isto
1037 3405 1129 3476 videt,
1153 3410 1225 3464 tuuc

204 3495 301 3553 anima
324 3493 386 3552 eius
409 3493 586 3552 naturaliter
607 3496 691 3566 facit,
724 3495 807 3554 velut
830 3514 897 3553 cum
925 3495 978 3552 1111
1006 3511 1112 3569 corpus
1136 3513 1223 3552 suum

205 3583 339 3644 deserere
363 3583 443 3654 velit,
469 3601 536 3642 cum
559 3601 591 3642 os
615 3585 744 3660 corporis
768 3584 831 3643 eius
856 3583 1005 3642 oscitando
1029 3583 1133 3658 aperit.
