2668 3924
210 151 275 209 226
459 98 460 107 ¹
597 142 844 200 HILDEGARDIS

208 330 360 406 sanguinis
387 331 526 389 humores
553 329 662 403 iacent,
690 329 775 390 velut
800 328 831 386 in
860 328 1039 388 dormitione
1072 329 1143 404 sint,
1172 349 1232 390 noc

209 419 307 478 officis
334 437 388 476 sue
415 421 561 490 exercent3
588 422 619 477 et
646 418 713 477 ideo
735 419 859 492 pefeimc
881 417 1041 476 eorundem
1063 417 1231 478 humorum

210 509 247 567 ed
262 506 388 566 fundum
409 506 559 566 deseendit
581 509 612 565 et
635 507 815 584 sanguineus
838 509 890 579 est,
915 507 1055 582 quonism
1070 507 1231 568 inrubore

209 602 240 655 et
265 597 296 656 in
324 596 440 656 fervore
467 614 521 655 suo
550 599 650 656 motus
678 598 731 659 est
775 595 815 653 Et
840 595 911 654 heco
939 599 1028 654 acute
1054 597 1146 656 febris
1172 617 1230 656 nec

182 685 378 762 sappetitum
393 703 446 744 nec
461 688 583 762 gustum
599 684 735 744 ciborum
750 684 849 760 sentit,
871 683 953 760 quod
972 684 1111 744 humores
1127 685 1230 746 officie

210 794 263 835 sue
278 793 336 834 non
351 775 486 850 implent.
517 773 575 832 Sed
586 774 612 833 si
628 774 736 850 uliquis
758 773 847 832 homo
870 773 946 832 hano
970 777 1088 834 contem
1111 774 1229 834 febrem

209 865 307 939 hebet,
323 864 449 939 cupidus
469 863 500 922 in
516 863 588 922 cibis
604 865 656 937 est,
673 866 704 921 et
718 862 743 921 si
758 863 880 922 modum
896 880 983 920 suum
999 862 1030 922 in
1046 862 1229 924 comedendo

210 953 332 1022 excedit.
355 953 446 1011 febris
462 951 534 1011 haec
556 954 639 1011 tento
663 952 733 1027 plus
756 951 840 1023 furit,
864 952 1008 1032 quoniam
1029 951 1171 1012 humores
1195 951 1227 1012 in

210 1042 315 1103 officiis
352 1042 413 1102 suis
448 1061 506 1100 non
542 1044 620 1102 sunt.
675 1040 761 1111 Quod
793 1040 818 1098 si
851 1043 957 1115 potum
986 1041 1115 1117 requirit
1142 1045 1173 1101 et
1202 1043 1228 1101 si

171 1138 198 1183 10
209 1132 339 1190 multum
362 1129 451 1206 bibit,
476 1150 511 1190 ex
532 1129 589 1190 hoc
611 1148 670 1190 non
692 1129 834 1200 laeditur;
862 1129 943 1206 quod
965 1129 991 1188 si
1013 1147 1073 1188 non
1102 1129 1228 1203 biberet,

211 1220 412 1280 exsiccaretur.
462 1219 502 1278 Et
532 1220 558 1278 si
589 1219 706 1294 pridem
741 1218 870 1277 ardentis
903 1219 1113 1293 complexionis
1151 1225 1226 1295 erat,

209 1311 313 1370 vinum
343 1309 375 1366 in
405 1307 461 1372 huc
489 1312 572 1384 peste
603 1308 732 1367 bibitum
760 1307 860 1382 ipsum
886 1307 986 1370 laedit.
1037 1307 1123 1366 Unde
1152 1313 1228 1368 tuno

210 1418 319 1475 equam
346 1397 435 1456 bibat.
481 1396 512 1455 si
547 1416 629 1472 vcro,
661 1400 819 1473 antequem
851 1395 1065 1472 infirmaretur,
1097 1397 1228 1475 frigidae

210 1486 418 1562 complexionis
440 1485 514 1557 fuit,
541 1489 613 1544 tunc
642 1486 720 1545 siin
743 1485 798 1544 heo
818 1484 992 1544 infirmitate
1014 1486 1118 1545 vinum
1139 1487 1226 1562 bibit,

171 1577 311 1651 lsipsnm
336 1593 396 1633 non
418 1574 518 1634 laedit.
562 1574 602 1635 Et
624 1575 649 1634 si
672 1575 836 1634 moriturus
859 1577 916 1648 est,
944 1575 1032 1633 urina
1054 1575 1117 1634 eius
1140 1577 1225 1635 veria

210 1665 381 1724 liniamento
396 1664 427 1722 in
442 1682 472 1722 se
487 1663 623 1739 ostendit,
648 1664 733 1740 quusi
747 1663 879 1722 findetur
901 1664 984 1724 velut
1006 1664 1124 1740 glucies,
1147 1683 1226 1741 quae

211 1755 243 1813 in
269 1754 416 1813 solutione
442 1752 577 1827 finditur3
612 1755 642 1812 et
670 1753 723 1812 hes
748 1752 906 1812 varietates
933 1753 1072 1812 humores
1100 1754 1225 1830 faciunt,

211 1843 293 1920 quod
325 1860 355 1901 se
388 1843 424 1900 ed
452 1846 579 1902 mortem
613 1841 695 1900 illius
724 1849 873 1916 separent,
908 1844 939 1900 et
973 1841 1053 1918 quod
1086 1843 1118 1901 in
1152 1843 1226 1918 ipsis
1329 1857 1330 1936 ᾗ

210 1932 405 1993 varietatibus
436 1931 499 1991 vies
531 1931 621 1990 morti
653 1933 846 2006 praeperant3
879 1949 912 1990 uc
943 1931 1081 2007 superius
1108 1932 1226 1992 modice

170 2032 198 2078 w
211 2041 287 2098 puro
316 2023 371 2095 est,
399 2021 541 2096 quonism
569 2039 587 2078 e
613 2019 682 2078 tube
714 2023 744 2078 et
776 2039 793 2077 e
826 2020 968 2097 sunguine
1002 2022 1139 2097 seperate
1168 2027 1225 2093 est3

211 2111 263 2170 sed
291 2130 308 2167 e
335 2110 427 2168 fundo
455 2128 550 2186 usque
573 2108 611 2166 ed
633 2109 797 2184 puritatem
824 2109 907 2168 illem
935 2109 1028 2185 spissa
1056 2113 1101 2170 est
1128 2110 1227 2186 urina,

212 2199 352 2276 quonism
386 2198 523 2258 humores
553 2198 591 2274 ed
627 2200 752 2256 mortem
790 2198 822 2256 in
850 2198 990 2258 descensu
1021 2197 1118 2257 iacent
1151 2200 1228 2258 nihil

212 2290 374 2364 operantes.
405 2285 491 2356 Quod
507 2287 532 2346 si
547 2304 601 2345 nec
615 2287 786 2346 liniamenta
801 2305 854 2346 nec
868 2288 983 2362 purites
998 2306 1051 2346 nec
1062 2287 1226 2363 spissitudo

211 2377 242 2436 in
274 2376 375 2436 eedem
404 2376 491 2434 urine
522 2395 539 2434 e
571 2394 601 2434 se
632 2375 808 2452 singillatim
835 2380 971 2451 separate
998 2380 1085 2448 sunt,
1117 2380 1162 2436 ite
1190 2382 1228 2438 ut
1327 2371 1328 2430 3

171 2475 199 2521 25
214 2466 374 2543 seperatim
388 2465 484 2525 videri
506 2467 637 2540 possunt,
661 2465 713 2523 sed
734 2465 761 2523 si
781 2465 825 2522 ite
847 2465 1018 2524 intermixto
1040 2468 1118 2542 sunt,
1142 2468 1226 2542 quod

212 2555 338 2615 discerni
360 2573 419 2613 non
441 2556 576 2631 possunt:
601 2553 682 2614 vivet
705 2557 735 2612 et
757 2553 947 2629 convalescet,
972 2555 1227 2631 quemadmodum

211 2645 323 2704 multae
350 2644 533 2720 periculosae
563 2645 753 2719 tempestates
775 2660 834 2701 non
857 2644 1010 2713 oriuntur,
1039 2663 1109 2702 cum
1131 2646 1226 2704 nubes
1326 2703 1327 2718 ¹

212 2734 243 2791 in
273 2733 353 2792 caelo
381 2733 546 2809 aequaliter
574 2734 728 2808 apparent.
777 2729 853 2789 Nem
879 2732 948 2791 tubo
981 2736 1010 2791 et
1042 2732 1163 2810 sanguis
1195 2738 1227 2794 et

211 2821 351 2880 humores
380 2841 411 2881 se
439 2822 623 2881 abinvicem
650 2840 710 2879 non
736 2823 887 2896 separent,
918 2821 969 2880 sed
992 2821 1029 2879 cd
1052 2823 1147 2882 vitem
1171 2823 1227 2882 sibi

172 2920 200 2965 so
214 2911 371 2969 coniuncte
386 2915 464 2972 sunt.
495 2911 553 2970 Sed
568 2911 594 2970 si
615 2911 646 2967 in
668 2909 769 2969 eedem
791 2910 879 2970 urina
901 2910 1048 2986 quaedem
1069 2911 1227 2972 verietutes

213 2999 361 3073 videntur,
384 2999 435 3058 sed
458 3018 516 3059 non
539 3018 592 3074 por
608 3002 703 3058 totam
725 2998 852 3070 urinum,
875 3000 1015 3060 humores
1039 2999 1227 3076 aliquantum
1325 3001 1326 3029 ¹

213 3089 344 3164 seperari
358 3088 514 3164 incipiunt.
541 3087 643 3147 Seded
653 3089 775 3162 plenum
792 3086 848 3146 hoc
864 3107 923 3147 non
939 3088 1083 3164 perficere
1092 3093 1227 3166 possunt.

213 3177 254 3236 Et
268 3177 294 3238 si
308 3178 340 3236 in
356 3178 458 3237 eedem
469 3177 556 3236 urins
571 3179 708 3254 superius
730 3176 846 3235 modice
867 3179 984 3253 puritcs
1008 3180 1066 3254 est,
1094 3178 1165 3238 tcbo
1189 3180 1227 3239 ab
1324 3251 1325 3256 η

213 3266 389 3326 humoribus
403 3267 534 3344 separari
548 3266 663 3342 incipit,
678 3266 747 3324 etsi
762 3268 836 3325 tunc
851 3267 957 3326 subtus
971 3267 1055 3326 nullu
1070 3267 1224 3328 varietatis
1324 3267 1325 3301 l

174 3369 201 3413 ss
215 3357 387 3415 liniamenta
414 3356 538 3416 discerni
564 3358 701 3432 possunt,
723 3353 862 3416 humores
891 3355 927 3414 eb
954 3356 1080 3415 invicem
1109 3375 1140 3415 se
1169 3376 1227 3417 non

214 3448 362 3522 separent,
389 3447 419 3505 et
445 3445 511 3504 ideo
539 3445 628 3504 bomo
654 3443 705 3502 ille
732 3443 822 3505 vivet.
868 3443 925 3503 Sed
952 3447 1052 3504 tannen
1080 3446 1228 3520 quaedum
1323 3471 1324 3482 ¹

129 3529 132 3536 ’
215 3535 374 3610 spissitudo
403 3535 570 3612 inseparate
596 3532 637 3592 ibi
666 3534 800 3609 apparet,
835 3534 916 3608 quod
940 3535 1080 3593 humores
1110 3533 1147 3594 cb
1180 3535 1223 3594 in·
