2662 3932
365 150 505 206 censen
524 151 571 206 ΕΤ
591 149 711 206 counit
730 151 797 206 LlB.
817 152 850 206 Il.
1073 159 1114 216 95
1158 111 1162 122 δ

79 335 245 410 perfossae
268 335 336 394 sint
384 335 423 394 Et
445 335 534 394 homo
557 335 612 394 iste
635 335 729 395 tristis
753 353 812 394 non
837 338 889 406 est
912 335 963 394 sed
980 334 1114 412 aliquan-

78 431 161 484 tum
183 425 290 497 laetus,
316 428 347 484 et
369 423 400 483 in
422 425 594 486 infirmitate
617 441 672 484 sua
694 424 811 484 sufferri
834 426 939 501 potest.
986 477 993 490 ,

159 515 208 574 De
228 512 322 593 facici
345 510 470 586 pallore.
509 513 568 584 Qui
589 516 690 572 autem
712 513 744 572 in
767 513 938 572 infirmitate
954 532 1009 574 sna
1024 515 1116 590 pallet

81 607 118 662 et
144 621 247 662 macer
270 607 324 677 est,
347 603 379 660 in
401 602 453 662 illo
477 603 649 662 melancolia
672 603 709 661 ad
732 602 892 678 paralysim
915 603 1116 679 coniungitur,

83 693 137 751 ita
171 692 255 768 quod
286 711 321 750 ex
352 691 409 752 hcc
440 691 570 767 frigidus
600 692 669 763 erit,
709 694 740 751 et
771 691 837 751 ideo
870 691 960 750 etiam
992 696 1156 769 proptera

80 781 193 859 frigus
215 781 292 840 illud
325 781 357 840 in
378 780 452 840 fecie
474 780 566 855 pallet
589 783 620 841 et
641 780 810 855 profectum
831 781 862 839 in
889 781 1026 841 carnibus
1053 782 1115 842 suis

82 889 151 930 non
169 870 269 945 habet,
284 870 367 928 utin
382 870 434 928 illo
452 872 589 945 crescant,
605 872 635 928 et
650 869 705 930 iste
722 869 753 929 in
766 869 938 928 infirmitate
951 889 1004 928 sua
1019 871 1115 930 tristis

84 962 136 1020 est
162 963 194 1018 et
216 959 303 1018 facile
326 959 358 1017 in
380 959 455 1018 iram
477 962 627 1020 movetur.
665 958 723 1018 Sed
742 960 772 1018 et
794 958 963 1018 stomachus
986 959 1037 1018 dat
1059 959 1115 1019 vis·

85 1048 214 1108 ceribus
236 1047 366 1108 hominis
388 1047 598 1107 humiditatem
620 1051 650 1106 et
673 1048 769 1108 vesica
791 1047 899 1107 tribuit
927 1049 969 1108 eis
995 1048 1115 1124 aquosi·

84 1139 201 1210 tatem;
229 1137 308 1196 unde
323 1137 426 1206 ,etiam
449 1137 513 1212 ipsa
535 1137 648 1196 viscera
670 1137 751 1196 cibos
773 1155 889 1214 semper
914 1137 971 1198 hoc
995 1141 1025 1196 et
1046 1137 1157 1197 illac10

85 1226 229 1285 fundunt
262 1230 293 1286 et
327 1225 492 1285 refundunt
525 1229 556 1286 et
583 1227 626 1284 ita
654 1225 896 1304 impinguescunt
924 1245 957 1285 ac
986 1226 1115 1286 diversos

85 1317 203 1375 livores
225 1315 343 1374 habent.
384 1359 385 1364 η

162 1404 208 1464 Dc
231 1405 346 1478 splenis
368 1408 489 1464 tumore.
536 1403 594 1463 Sed
624 1423 693 1464 cum
727 1404 897 1465 stomachus
929 1405 1054 1466 dirersis
1085 1408 1115 1464 et

86 1494 189 1554 noxiis
221 1493 294 1554 escis
325 1493 477 1569 irretitur,
511 1496 542 1552 et
573 1511 642 1552 cum
674 1493 771 1552 vesica
802 1493 926 1554 diversis
959 1496 989 1552 et
1019 1493 1115 1554 noxiis

86 1582 217 1660 potibus
249 1581 410 1658 sanciatur,
443 1582 536 1642 malos
559 1581 698 1641 humores
720 1583 882 1642 visceribus
911 1582 1048 1659 afferunt,
1081 1590 1157 1642 ac1⁵

89 1672 136 1732 sic
158 1671 274 1730 malum
296 1672 414 1731 fumum
438 1672 475 1731 ad
497 1671 581 1746 splen
604 1671 755 1734 emittunt.

161 1761 209 1820 De
225 1762 324 1820 cordis
339 1761 447 1824 dolore.
491 1760 532 1819 Iit
545 1759 622 1820 illud
638 1779 674 1819 ex
688 1759 745 1819 hoe
762 1760 884 1820 inflatur
900 1763 929 1818 et
943 1761 1115 1820 intumescit

93 1853 126 1909 et
157 1849 318 1925 sanciatur,
350 1853 440 1925 atque
467 1853 584 1908 tumore
613 1853 643 1907 et
671 1849 772 1909 dolore
801 1867 855 1909 suo
879 1848 1010 1908 dolorem
1033 1849 1114 1909 cordi

92 1939 190 1999 infert
218 1941 248 1997 et
275 1939 353 1998 circa
380 1938 458 1997 illud
489 1937 614 1998 livorem
642 1941 737 2014 parat.
783 1937 840 1998 Sed
863 1940 894 1997 et
916 1937 1012 1998 adhuc
1035 1937 1114 1996 idem

96 2047 147 2088 cor
173 2027 249 2087 forte
273 2033 317 2087 est
339 2031 370 2087 et
393 2027 490 2086 dolori
512 2027 583 2086 hnic
604 2027 724 2088 resistit.
763 2025 838 2087 Gum
853 2031 953 2086 autem
968 2026 1114 2103 praedicti
1127 2035 1156 2082 co

93 2119 236 2176 humores
259 2117 290 2176 in
312 2117 474 2176 visceribus
502 2121 533 2177 et
562 2117 593 2176 in
629 2117 729 2193 splene
755 2116 884 2176 bominis
910 2115 1112 2191 superhabun·

96 2205 233 2266 daverint
264 2208 294 2264 et
326 2205 408 2265 cordi
438 2206 548 2264 multas
578 2205 726 2282 passiones
749 2205 913 2276 intulerint,
943 2205 981 2265 ad
1002 2206 1112 2265 melan·

95 2295 204 2360 coliem
226 2298 420 2355 revertuntur
442 2297 473 2354 et
495 2295 542 2353 illi
557 2313 587 2354 se
603 2295 801 2355 commiscent.
830 2295 870 2354 Et
885 2295 927 2354 sic
941 2295 1115 2354 melancolia

97 2387 244 2444 commota
267 2403 336 2444 cum
358 2384 418 2443 illis
441 2385 472 2443 in
494 2383 698 2462 indignatione
720 2384 819 2461 surgit
841 2387 871 2442 et
892 2403 962 2443 cnm
983 2384 1069 2460 nigro
1085 2386 1116 2442 et

96 2473 175 2532 malo
210 2474 294 2532 fumo
329 2473 366 2532 ad
398 2491 448 2533 eor
478 2473 608 2532 ascendit
640 2475 729 2549 atque
763 2472 866 2532 multis
894 2475 924 2532 et
953 2473 1114 2549 repentinis
1129 2481 1157 2527 25

100 2562 325 2640 fatigationibus
348 2561 425 2620 illud
448 2563 565 2640 fatigat.
610 2560 695 2621 Unde
725 2560 857 2621 homines
887 2562 933 2620 illi
964 2562 1064 2622 tristes
1087 2564 1116 2620 et

98 2650 195 2712 acerbi
216 2651 311 2710 effecti
334 2650 486 2711 modicum
509 2651 567 2710 cibi
590 2653 621 2709 et
642 2651 793 2710 modicum
814 2653 1049 2727 potussumunt‚
1072 2651 1116 2709 ita

99 2739 180 2818 quod
210 2741 241 2800 in
271 2758 393 2816 corpore
420 2742 614 2800 attenuantur
637 2743 668 2800 et
701 2739 783 2816 qnod
810 2741 860 2799 vix
893 2740 1053 2816 aliqnando
1085 2739 1116 2798 in

97 2847 217 2906 corpore
255 2828 429 2892 subsistunt.
479 2830 520 2890 Et
554 2829 587 2888 hi
623 2829 714 2888 etiam
749 2830 860 2888 multas
897 2829 1116 2890 eructuationes

97 2920 245 2980 emittunt.
1128 2927 1157 2976 30

164 3009 212 3068 De
234 3009 356 3068 amimae
378 3007 471 3070 dome.
516 3006 573 3066 Sed
607 3025 675 3066 cnm
710 3007 838 3084 quilibet
870 3007 959 3068 homo
993 3007 1116 3066 domum

100 3101 194 3174 parat,
215 3096 248 3155 iu
270 3097 323 3156 illa
345 3097 464 3156 ianuam
486 3100 517 3156 et
540 3097 681 3156 fenestras
708 3115 742 3156 ac
770 3096 942 3164 fumarium,
962 3097 1043 3168 facit,
1073 3097 1117 3155 ite

102 3185 235 3247 videlieet
250 3189 286 3244 ut
301 3205 354 3262 per
368 3186 489 3244 ianuam
504 3185 676 3262 egrediatur
688 3189 720 3245 et
727 3186 920 3263 ingrediatur,
933 3189 970 3244 ut
981 3205 1116 3262 quaeque

98 3275 257 3336 necessaria
279 3275 416 3350 excipiat,
428 3280 429 3284 ’
441 3277 471 3334 et
492 3279 529 3334 nt
544 3293 597 3350 per
613 3275 756 3336 fenestras
771 3276 873 3334 lumen
888 3273 1004 3352 habeat,
1028 3278 1057 3334 et
1080 3278 1115 3334 ut

100 3365 185 3425 etiam
206 3365 278 3442 igne
295 3382 414 3424 accenso
430 3364 531 3424 snmus
545 3383 600 3440 per
615 3363 780 3423 fumarium
795 3367 934 3440 transeat,
956 3384 994 3423 ne
1009 3363 1115 3423 domus
1130 3375 1156 3420 35

101 3473 149 3531 per
170 3455 288 3514 fumum
312 3456 533 3530 corrumpatur.
579 3452 627 3512 Sic
641 3456 672 3512 et
694 3453 792 3512 anima
814 3453 846 3512 in
868 3452 955 3513 corde
977 3453 1061 3513 velut
1084 3453 1115 3511 in

102 3544 183 3604 domo
216 3543 318 3603 sedens
347 3542 538 3619 cogitationes
571 3543 655 3602 velut
683 3560 737 3618 per
765 3542 885 3601 ianuam
912 3541 975 3602 eins
1004 3542 1116 3601 emittit
