2662 3932
371 147 513 206 CAUSAE
532 149 579 206 ΕΤ
597 148 720 204 CURAE
738 149 805 208 LIB.
822 150 856 206 ll.
1036 235 1038 239 Ι
1080 154 1119 216 71

92 333 216 392 talium
239 331 366 392 hominis
388 333 501 394 furtive
522 333 605 410 fugit
627 337 658 392 et
679 333 723 394 ibi
746 333 897 420 remansit.
934 332 992 394 Sed
1015 335 1046 394 et
1067 333 1127 394 viri

94 422 168 497 isti,
195 440 271 497 qnos
287 422 494 498 praediximus,
516 422 678 499 prudentes
693 426 772 488 sunt
795 422 884 483 eteb
900 423 966 484 eliis
980 423 1126 482 timemur

97 515 200 587 atque
231 511 429 588 amplexioncs
461 511 498 570 ed
525 511 650 571 feminus
676 510 785 571 hebent
812 515 843 573 et
870 513 943 572 elios
969 513 1050 572 viros
1072 513 1124 572 eli·

100 603 261 676 quantum
283 600 416 660 devitare
439 602 469 660 et
490 600 595 678 lugere
617 601 753 677 student,
781 601 852 678 quie
878 602 975 680 magis
1002 601 1125 661 laminas

98 709 200 765 qnam
216 689 296 748 viros
312 689 452 767 diligunt
485 688 560 749 Nam
582 690 739 750 femineam
762 691 889 750 formem
911 691 943 748 in
963 691 1152 752 coniuncti-5

98 797 162 838 one
186 781 249 838 tem
271 778 357 838 valde
380 782 487 850 emant,
511 779 592 856 quod
607 798 638 839 se
657 779 807 840 continere
821 799 881 840 non
896 783 1028 856 possunt,
1052 780 1125 856 quin

99 867 232 943 sangnis
255 886 358 926 eornm
381 887 489 944 magno
512 867 616 927 ardore
643 868 757 944 ardeat,
789 887 857 928 enm
885 869 1015 944 aliquam
1042 870 1124 928 femi·

98 977 177 1016 nam
200 955 331 1016 viderint
351 957 400 1016 vel
423 956 572 1019 audierint
594 958 642 1017 vel
664 976 733 1016 cum
756 977 820 1016 eam
843 958 874 1016 in
894 957 1125 1034 cogitationibus

99 1045 171 1106 suis
193 1044 231 1104 ad
252 1046 425 1106 memoriam
449 1065 534 1106 suam
556 1046 704 1123 duxerint,
727 1047 799 1124 quia
820 1047 901 1106 oculi
923 1065 1026 1106 eorum
1041 1047 1126 1108 velut

100 1134 236 1211 sagittae
257 1137 327 1194 aunt
350 1135 388 1194 ed
415 1154 545 1194 amorem
571 1137 711 1209 feminae,
744 1155 813 1195 oum
835 1155 899 1196 eam
922 1124 1063 1211 viderint,
1093 1146 1165 1198 etro

103 1222 232 1284 auditne
255 1243 359 1283 eornm
381 1224 465 1284 velut
486 1224 685 1286 validissimus
707 1229 823 1300 vontus,
847 1244 915 1285 cnm
938 1244 1002 1284 eam
1025 1225 1123 1284 audie·
1158 1237 1165 1246 '

101 1313 183 1384 rint,
216 1315 247 1372 et
277 1313 472 1390 cogitationes
503 1332 606 1374 eorum
638 1315 723 1390 quasi
746 1315 877 1390 procella
904 1316 1123 1390 tempestatum,

104 1419 188 1477 quae
211 1402 358 1462 contineri
380 1421 438 1462 non
459 1405 567 1479 potest.
591 1404 663 1480 quin
687 1405 909 1479 superterram
932 1403 1025 1466 eadat.
1069 1402 1125 1464 Isti

101 1491 212 1550 viriles
233 1491 293 1552 viri
315 1495 437 1551 suntet
459 1491 538 1552 fabri
560 1493 592 1551 in
614 1493 769 1552 fertilitate
792 1511 846 1552 sue
868 1495 1026 1568 vocantur,
1053 1492 1125 1568 quie

105 1579 248 1639 ardenter
277 1598 392 1656 semper
423 1581 535 1640 fertiles
565 1585 636 1641 sunt
672 1582 704 1641 in
736 1582 880 1658 plurimas
918 1584 949 1641 et
979 1582 1124 1657 plurimas
1138 1597 1165 1643 1⁵

105 1669 208 1746 proles
230 1672 267 1728 ut
289 1669 385 1742 arbor,
409 1688 485 1746 quae
507 1670 539 1729 in
561 1689 592 1730 se
614 1671 761 1746 plurimos
783 1689 880 1730 remos
902 1671 961 1729 late
983 1671 1124 1730 extendit

106 1759 150 1819 Et
178 1757 243 1818 ideo
273 1758 362 1818 etiam
390 1757 426 1818 de
453 1777 561 1836 magno
588 1760 656 1836 igne
684 1759 893 1837 amplexionis,
923 1760 1028 1835 quiin
1051 1759 1124 1834 ipsis

107 1850 163 1922 est,
185 1847 270 1907 velut
292 1848 418 1926 sagittae
440 1850 518 1908 sunt.
557 1847 616 1918 Qui
639 1849 664 1908 si
687 1849 925 1908 coniunctionem
947 1848 1124 1907 feminarum

106 1936 231 2007 habeut,
262 1927 336 1996 tunc¹
358 1937 421 1996 sani
444 1940 475 1997 et
496 1938 567 1997 laeti
595 1941 677 2010 sunt3
709 1938 734 1996 si
762 1941 862 1998 eutem
893 1937 935 1997 eis
966 1937 1123 2008 caruerint,

107 2029 183 2086 tnnc
208 2025 240 2084 in
267 2029 360 2086 semet
386 2026 459 2102 ipsis
487 2031 624 2086 arescunt
645 2031 676 2086 et
699 2027 785 2103 quasi
807 2025 978 2087 moribundi
1000 2026 1122 2095 vadunt,
1136 2039 1166 2086 ac

108 2115 168 2176 nisi
191 2117 244 2172 aut
267 2134 302 2174 ex
326 2115 531 2191 superfluitate
554 2116 737 2176 somniorum
760 2118 813 2175 eut
832 2115 1048 2192 cogitationmn
1071 2119 1125 2176 aut

109 2204 307 2280 perversitate
322 2204 444 2264 alterins
459 2204 503 2263 rei
518 2223 654 2280 spumam
669 2205 789 2266 seminis
804 2205 851 2264 sui
867 2204 903 2264 de
919 2223 949 2264 se
964 2204 1124 2275 excutiant,

110 2293 182 2369 quie
204 2293 236 2351 iu
258 2294 343 2352 tanto
366 2292 470 2353 ardore
493 2293 625 2352 libidinis
648 2297 731 2370 sunt,
755 2293 836 2370 quod
859 2294 950 2353 etiam
973 2293 1124 2354 interdum

109 2382 147 2440 ad
170 2381 302 2458 aliquam
325 2382 524 2443 insensibilem
547 2387 722 2458 creaturam,
751 2402 826 2459 quae
848 2402 907 2443 non
930 2383 1015 2455 vivit,
1043 2401 1122 2442 acce·

110 2471 187 2530 dunt
208 2474 239 2530 et
261 2489 292 2530 se
314 2471 361 2530 illi
383 2472 427 2531 ite
449 2475 654 2548 contorquent,
678 2472 760 2549 qnod
782 2491 813 2531 se
835 2471 873 2531 ab
897 2472 999 2532 eodem
1018 2471 1123 2532 ardore
1136 2485 1163 2530 as

111 2560 197 2637 quasi
225 2560 407 2620 defendendo
434 2563 465 2620 et
493 2561 658 2622 alleviando
682 2580 819 2638 spumam
841 2561 959 2620 seminis
982 2561 1125 2620 emittunt

112 2649 143 2708 in
165 2649 220 2708 illa
241 2649 366 2710 libidine
388 2653 418 2710 et
436 2669 532 2727 poena
546 2650 668 2725 ardoris,
692 2669 769 2726 quae
783 2651 815 2710 in
829 2650 902 2726 ipsis
918 2654 972 2725 est,
995 2649 1124 2726 fatigati,

111 2739 252 2814 quoniam
280 2739 352 2815 ipsis
374 2738 555 2798 continentia
576 2740 675 2816 gravis
698 2744 751 2798 est.
796 2738 881 2798 Unde
904 2739 929 2797 si
951 2739 1003 2798 isti
1024 2739 1125 2814 aliqua

110 2828 283 2888 necessitate
316 2846 369 2887 seu
391 2828 515 2904 pudoris
546 2847 599 2888 seu
625 2829 742 2888 timoris
769 2847 821 2888 seu
844 2828 952 2887 amoris
975 2827 1023 2887 dei
1045 2846 1121 2888 com-

111 2916 192 2993 pulsi
213 2917 353 2976 mulieres
376 2917 481 2995 fugere
504 2917 665 2993 voluerint,
694 2936 742 2976 ees
765 2921 802 2976 nt
823 2936 970 2977 venenum
992 2917 1164 2976 devitentur

113 3010 142 3066 et
168 3005 299 3082 fugiant,
329 3006 401 3082 qnia
428 3006 549 3066 difficile
577 3011 607 3066 et
633 3007 684 3066 vix
706 3006 770 3066 ulla
791 3007 958 3066 reverentia
980 3010 1011 3065 et
1033 3007 1123 3066 conti·

113 3095 212 3154 nentia
234 3095 315 3171 ipsos
328 3094 470 3156 inhibere
493 3097 617 3172 poterit,
646 3097 719 3172 quin
747 3096 871 3154 feminas
898 3096 1123 3172 amplectentur,

112 3202 248 3244 cumeae
271 3183 410 3246 viderint.
451 3183 593 3244 Homines
617 3189 725 3257 eutem,
749 3185 804 3261 qui
826 3184 862 3244 de
884 3183 931 3244 his
953 3189 1123 3256 nuscuntur,

111 3273 283 3332 multotiens
306 3273 426 3334 acerbos
448 3292 544 3333 mores
567 3275 677 3334 habent
699 3277 730 3334 et
752 3274 965 3334 incontinentes
997 3274 1028 3332 in
1059 3273 1123 3334 libi-

114 3361 179 3423 dine
206 3365 277 3422 sunt
305 3365 336 3420 et
362 3365 425 3422 tam
451 3364 582 3439 perversi
608 3364 640 3422 in
666 3363 799 3423 moribus
827 3363 888 3422 suis
915 3363 953 3422 ad
979 3363 1123 3422 humanos
1136 3375 1164 3420 us

114 3469 206 3510 mores
229 3453 308 3523 sunt,
332 3452 416 3511 velut
438 3451 573 3512 informis
596 3453 693 3512 forme
715 3456 768 3524 est,
797 3471 873 3528 quae
895 3471 930 3512 ex
951 3452 1072 3514 informi
1094 3455 1124 3512 et

114 3539 179 3616 igne
205 3539 266 3600 fere
289 3539 442 3600 combusto
464 3541 546 3618 ligno
569 3542 724 3618 formatur,
747 3542 786 3601 ed
807 3540 1032 3600 similitudinem
1054 3541 1121 3616 pul·

833 3713 846 3746 θ
