2668 3924
389 189 530 244 CAUSAE
548 189 595 244 ET
614 189 736 245 CURAE
754 191 821 246 LlB.
840 192 888 246 ΠΙ.
995 268 998 274 Ι
1090 197 1153 257 169

135 393 215 450 equa
238 377 337 433 coctae
359 372 508 432 hominem
531 372 568 431 ad
590 373 776 432 intellectum
798 393 886 434 suum
909 377 1006 437 redire
1035 377 1155 438 faciunt.

138 457 164 542 l)
170 463 270 523 Homo
286 465 386 522 autem
402 462 482 522 idem
498 462 595 522 aridos
611 462 692 521 cibos
713 463 832 540 devitet,
850 467 991 542 quoniam
1006 466 1155 541 humores,

137 553 191 630 qni
213 552 246 611 in
268 571 302 612 eo
325 551 463 612 destituti
485 555 563 622 sunt,
590 551 622 610 in
648 551 790 612 maiorem
818 554 987 616 ariditatem
1014 555 1156 615 amentiae

136 642 293 713 ducerent3
325 641 417 701 bonos
439 659 510 700 vero
533 644 564 699 et
586 640 724 700 delicatos
748 642 827 703 cibos
860 645 1011 718 comodat,
1043 646 1096 721 qui
1129 645 1157 704 ei

134 733 249 792 bonum
271 749 392 790 succum
414 730 446 788 iu
468 729 611 807 sanguine
634 731 863 792 subministrant
887 736 918 792 et
940 734 994 810 qui
1016 734 1183 794 humores

136 839 208 880 suos
239 819 277 878 ad
307 818 516 880 rectitudinem
546 837 631 878 suam
663 820 810 881 reducunt
842 827 872 882 et
901 841 1001 882 sensus
1024 823 1156 882 eiusdem

136 909 267 970 hominis
290 908 327 967 ab
347 908 476 968 amentia
498 911 645 974 eventunt.
697 908 808 970 Sedet
834 912 934 987 pultes
962 912 1074 971 similae
1103 915 1156 970 aut

137 1000 251 1076 butyro
275 1002 328 1058 aut
350 997 502 1075 sagimine,
525 1016 583 1057 non
598 1002 699 1057 autem
717 999 781 1059 oleo
796 1001 889 1060 factas
904 1001 1050 1076 comedat,
1074 1001 1155 1075 qnod

136 1089 286 1148 inanitum
322 1088 475 1147 cerebrum
505 1088 621 1162 replent
654 1091 685 1147 et
721 1088 932 1166 infrigidatum
966 1090 1155 1160 calefaciunt;

139 1177 239 1237 oleum
262 1178 362 1237 antem
384 1177 491 1253 flegma
513 1174 684 1252 attraheret,
712 1181 743 1236 et
769 1177 837 1238 ideo
860 1180 937 1239 illud
967 1179 1091 1251 devitet3
1124 1183 1197 1238 et1⁰

136 1267 243 1326 vinnm
264 1285 324 1326 non
346 1264 437 1341 bibat,
461 1265 543 1342 quod
565 1265 722 1341 dissipatos
745 1267 885 1328 humores
906 1269 937 1327 in
960 1289 993 1330 eo
1016 1269 1111 1346 magis
1126 1272 1156 1326 et

138 1356 235 1434 magis
257 1355 426 1430 dissiparet3
449 1374 503 1415 uec
525 1356 615 1414 etiam
630 1356 784 1415 medonem
798 1357 890 1433 bibat,
914 1357 1055 1433 quoniam
1071 1357 1155 1417 forti-

136 1445 212 1505 tudo
244 1445 341 1504 mellis
373 1444 490 1505 eosdem
517 1443 678 1504 destitutos
700 1446 840 1506 humores
867 1447 899 1506 in
927 1466 961 1507 eo
989 1448 1085 1526 magis
1108 1446 1154 1506 de·

136 1537 276 1598 strueret.
321 1532 378 1593 Sed
407 1553 460 1594 nec
483 1553 591 1610 aquam
619 1533 782 1610 simplicem
816 1534 911 1611 bibat,
944 1538 1024 1614 quod
1054 1554 1155 1597 seusus

136 1623 233 1700 ipsius
257 1624 289 1682 in
309 1623 450 1682 maiorem
465 1623 639 1682 inanitatem
655 1622 820 1690 deduceret.
850 1625 1040 1686 Praedictum
1056 1629 1196 1686 antem1⁵

138 1716 249 1790 potum
284 1714 315 1771 at
347 1713 518 1773 cerevisiam
549 1711 640 1788 bibat,
675 1731 751 1788 quae
783 1714 943 1774 destitutos
966 1717 1105 1775 humores
1129 1717 1158 1772 et

138 1820 241 1862 sensus
264 1801 357 1877 ipsius
380 1801 412 1860 in
434 1801 643 1861 rectitudinem
666 1801 818 1862 continent
845 1805 875 1862 et
901 1803 1034 1862 furorem
1062 1822 1157 1862 amen-

135 1892 197 1952 tiae
219 1891 257 1950 ab
280 1891 345 1966 ipso
368 1894 515 1953 evertunt.
560 1890 659 1968 (laput
678 1893 781 1966 ¹autern
802 1910 891 1951 sunm
920 1892 1010 1967 pilleo
1040 1896 1094 1951 aut
1122 1892 1156 1950 de

136 1981 230 2040 viltro
255 1985 308 2039 aut
330 1980 366 2039 de
388 1999 464 2056 pura
486 1980 554 2039 lana
576 1981 655 2040 facto
679 1980 801 2057 operiat,
826 1981 968 2057 quatinus
991 2000 1008 2039 a
1032 1981 1156 2041 destitu-

137 2070 178 2130 tis
201 2069 378 2130 humoribus
401 2069 612 2146 infrigidatum
634 2071 787 2129 cerebrum
811 2071 917 2130 leniter
948 2074 979 2130 et
1010 2070 1155 2147 paulatim
1170 2071 1198 2117 20

138 2159 305 2230 incalescat,
328 2177 387 2218 nou
410 2162 510 2219 autem
532 2161 652 2234 repente
674 2178 728 2219 nec
750 2177 842 2234 supra
872 2160 1003 2235 modum,
1034 2179 1070 2219 ne
1102 2179 1157 2235 pro

138 2247 295 2324 repentino
319 2251 349 2307 et
370 2247 463 2306 nimio
487 2249 583 2308 calore
606 2248 735 2308 deterius
750 2247 866 2309 habeat.
897 2250 1035 2325 †Accipe
1051 2267 1157 2308 nucem

139 2339 304 2397 muscatam
335 2346 365 2395 ct
391 2336 436 2396 bis
462 2340 582 2396 tantum
609 2338 645 2397 de
665 2339 760 2412 palam
790 2342 821 2398 et
851 2339 922 2398 haec
948 2339 980 2396 in
1003 2338 1157 2413 pulverem

139 2426 243 2504 redige
274 2429 305 2484 et
338 2426 429 2484 etiam
460 2427 559 2502 accipe
592 2427 722 2486 radicem
755 2428 934 2488 cumbelum
968 2431 998 2486 et
1028 2428 1157 2487 radicem

138 2515 322 2592 plantaginis
346 2516 462 2591 aequali
485 2516 621 2590 pondere,
644 2517 687 2576 ita
708 2520 816 2591 tamen,
840 2517 921 2592 quod
944 2515 1060 2591 pondus
1082 2516 1155 2575 istc·
1170 2518 1198 2562 2⁵

137 2623 211 2665 rum
234 2605 363 2664 duorum
389 2605 430 2663 sit
461 2605 559 2664 minus
593 2624 684 2680 quam
717 2605 855 2681 ponderis
884 2606 969 2664 nucis
1000 2608 1157 2676 muscatae,

143 2696 216 2766 (et)
254 2693 368 2752 modica
398 2693 491 2752 tunde
520 2694 580 2753 sale
602 2695 715 2755 addito.
760 2695 801 2753 ut
822 2714 856 2753 ex
875 2694 922 2754 his
938 2694 1074 2753 omnibus
1089 2713 1157 2753 cnm

139 2783 238 2842 farina
268 2783 383 2842 similae
412 2785 442 2842 et
472 2801 540 2842 cum
565 2802 642 2858 aqua
672 2790 790 2844 tenum
813 2784 1034 2843 sobriunculam
1057 2783 1103 2842 iac
1127 2789 1157 2842 at

140 2873 180 2932 da
203 2871 317 2930 dolenti
340 2872 376 2930 ad
399 2871 587 2936 sorbendum.

208 2961 254 3021 Dc
276 2960 428 3020 oculorum
446 2963 654 3025 adcnuctioac.
686 2955 750 3041 ²)Si
765 2963 885 3040 sanguis
900 2966 931 3022 et
945 2981 1024 3038 aqua
1038 2963 1069 3020 in
1090 2981 1157 3021 ocu·
1171 2964 1200 3009 ³⁰

140 3051 178 3110 lis
201 3048 329 3109 hominis
351 3053 405 3108 aut
427 3069 498 3126 prae
520 3052 671 3110 senectute
695 3056 748 3111 aut
769 3070 841 3128 prae
864 3052 965 3128 aliqua
984 3051 1156 3110 infirmitate

142 3157 234 3216 supra
265 3139 388 3198 modum
418 3143 624 3214 attenuantur,
656 3142 747 3201 vadat
779 3142 817 3200 ad
847 3142 943 3226 viride
970 3159 1090 3217 graman
1128 3144 1159 3199 et

141 3228 220 3288 illud
242 3231 304 3287 tam
327 3227 381 3287 diu
402 3229 547 3304 inspiciat,
580 3231 653 3289 dum
680 3231 759 3292 oculi
782 3230 845 3291 eius
868 3232 953 3292 velut
975 3230 1155 3289 lacrimando

143 3317 310 3392 madefiant,
333 3317 406 3393 quia
427 3318 563 3378 viriditas
586 3321 730 3396 graminis
752 3320 835 3379 illius
858 3319 921 3394 hoc,
945 3319 1026 3395 quod
1041 3319 1072 3376 in
1087 3337 1155 3378 ocu·

142 3407 181 3466 lis
203 3407 267 3466 sius
289 3406 446 3466 turbidum
468 3411 521 3480 est,
545 3408 642 3468 aufert
665 3413 695 3468 et
717 3426 765 3468 ecs
787 3427 879 3485 puros
901 3411 931 3467 et
945 3408 1060 3468 lucidos
1077 3408 1159 3470 facit.
1172 3413 1199 3458 3⁵

144 3541 288 3670 mlllAv.
307 3543 393 3596 2-21
416 3565 447 3594 =
467 3544 563 3614 Migue
588 3545 656 3600 1203
676 3544 708 3599 A.
730 3577 764 3586 -
793 3545 817 3613 ²)
841 3563 866 3599 v.
884 3545 989 3600 30-32
1010 3565 1041 3593 =
1061 3543 1159 3613 Migue
