2668 3924
198 178 260 236 206
583 169 828 226 HILDEGARDIS

196 359 295 415 autem
318 357 417 427 faciat,
440 357 513 415 dum
536 357 666 415 sanetur.
705 353 792 414 Calor
814 354 892 412 enim
913 353 1057 414 verbenae
1080 359 1111 413 et
1133 358 1216 417 calor

196 444 353 521 cephsniae
377 464 410 504 ac
430 446 509 504 calor
524 445 659 503 nimmoli
674 463 726 504 seu
741 443 893 520 frigiditas
907 443 1061 502 saxifricae
1078 444 1215 522 aliqnan-

194 538 262 592 tum
285 537 388 593 acutos
409 553 510 594 succos
525 534 642 608 habent,
666 538 696 593 et
719 553 786 594 oum
810 534 906 592 calore
928 532 991 592 vini
1006 535 1215 608 temperantur

195 624 279 681 etin
301 627 377 699 potu
399 627 560 683 sumuntur
582 624 627 682 vel
652 642 721 683 oum
743 623 840 682 calore
862 621 925 680 vini
948 621 995 681 vel
1019 623 1115 682 calore
1135 627 1213 702 sagi-

167 713 281 772 sminis
324 732 358 772 ac
390 733 459 772 oum
492 713 658 790 frigiditate
691 712 741 772 ovi
770 715 894 787 propter
920 712 1033 771 bonum
1075 730 1214 788 saporem

195 805 422 878 componuntur,
446 805 482 861 ut
505 802 672 878 praefatum
692 804 744 877 est,
769 800 924 860 acerbitati
947 800 1025 860 fellis
1048 804 1079 859 et
1100 803 1211 864 melan·

195 892 286 951 coliae
308 892 451 950 resistunt
474 896 504 951 et
518 891 700 967 praedictam
721 894 835 966 pestem
854 891 966 952 sedant.
996 889 1090 949 Potus
1105 894 1210 951 autem

193 981 250 1040 iste
274 1001 291 1040 a
313 981 412 1040 ieiuno
435 981 555 1039 homine
577 980 736 1056 praecipue
751 980 895 1054 sumetur,
920 979 1061 1056 quatinus
1077 980 1213 1040 membra

194 1070 257 1129 eius
280 1071 368 1129 citius
391 1072 587 1146 pertranseat,
619 1087 709 1145 quam
732 1069 757 1128 si
779 1087 905 1144 pransus
933 1069 985 1141 sit;
1017 1069 1091 1144 quin
1119 1070 1214 1129 etiam

154 1171 180 1216 10
193 1159 290 1236 ignito
314 1159 407 1219 calibe
430 1158 656 1230 confortabitur,
676 1161 712 1217 ut
730 1161 814 1217 tanto
830 1157 938 1218 fortius
953 1156 1075 1217 eandem
1096 1163 1215 1234 pestem

194 1252 369 1324 compescat.

260 1339 307 1398 De
337 1333 525 1410 epplempse'c.
585 1330 609 1411 1)
619 1336 677 1407 Qui
711 1355 729 1394 a
760 1335 870 1395 caduco
906 1335 1011 1395 morbo
1047 1337 1208 1416 fatigatur,

193 1426 368 1502 sengrdnem
390 1425 488 1502 talpae
504 1426 631 1500 accipiat
653 1428 684 1484 et
698 1445 768 1483 eum
782 1426 907 1484 exsiccet
922 1429 954 1484 et
968 1426 1058 1484 etiam
1072 1429 1207 1486 rostrum

193 1521 294 1574 anetae
328 1515 438 1575 seilicet
470 1515 596 1574 feminae
627 1534 659 1575 ac
688 1533 805 1591 ungues
833 1515 942 1574 auseris
972 1515 1060 1574 etiam
1083 1515 1211 1578 feminae

153 1617 179 1662 15
196 1604 307 1681 absque
331 1608 399 1664 oute
422 1607 452 1664 et
474 1621 560 1662 carne
584 1605 708 1679 accipiat
731 1607 761 1662 et
776 1603 847 1663 haec
862 1604 893 1661 in
909 1604 1064 1680 pulverem
1078 1605 1210 1668 radendo

193 1696 247 1752 aut
261 1693 383 1753 terendo
399 1694 525 1771 redigat,
548 1694 592 1752 ite
608 1693 688 1770 quod
703 1693 803 1768 pulvis
819 1694 909 1752 rostri
926 1700 1028 1753 anetae
1042 1693 1088 1753 bis
1103 1698 1208 1756 tantus

192 1783 230 1841 sit
261 1786 298 1842 ut
323 1783 424 1858 pulvis
452 1783 560 1842 anseris
587 1785 618 1841 et
645 1783 725 1858 qnod
753 1783 874 1859 sanguis
896 1783 995 1857 talpae
1018 1783 1064 1843 bis
1087 1785 1211 1845 excedat
1325 1853 1326 1872 ,

190 1872 356 1948 pulverem,
381 1872 433 1948 qui
457 1873 492 1930 de
515 1873 612 1932 rostro
636 1875 738 1930 anetae
761 1870 858 1930 factus
883 1873 936 1948 est,
969 1871 1093 1932 ethaeo
1115 1873 1210 1933 simul

190 1961 220 2018 iu
244 1980 374 2037 pannum
404 1980 473 2020 cum
501 1961 653 2037 praedicto
688 1961 831 2037 sanguine
860 1961 955 2037 ligata
988 1962 1019 2020 iu
1046 1961 1120 2034 loco,
1152 1965 1209 2022 ubi

150 2061 178 2106 20
190 2050 273 2125 talpa
288 2052 406 2110 noviter
420 2054 531 2109 terram
547 2050 641 2121 eiecit,
664 2069 718 2126 per
733 2050 870 2109 triduum
885 2054 986 2125 ponat.
1016 2050 1124 2112 Postea
1137 2052 1208 2112 inde

190 2140 296 2218 ablata,
320 2139 373 2198 ubi
389 2141 497 2217 glacies
518 2144 572 2211 est,
595 2143 694 2215 ponat,
710 2141 747 2197 ut
762 2139 942 2216 congeletur,
967 2143 997 2200 et
1012 2139 1123 2200 iterum
1138 2140 1209 2202 iude
1324 2143 1325 2148 ’

190 2228 287 2287 ablata
310 2229 340 2287 in
364 2230 426 2288 sole
448 2230 552 2289 siccari
575 2228 672 2291 faciat.
710 2226 824 2287 Deinde
840 2232 939 2288 sumat
961 2232 1077 2304 partem
1099 2229 1206 2290 iecoris

188 2318 320 2379 cuiusvis
344 2318 478 2377 animalis
501 2322 531 2377 et
554 2318 696 2389 volucris,
721 2336 797 2394 quae
824 2317 1035 2390 comeduntur,
1059 2324 1208 2395 quantum

188 2407 224 2464 de
255 2407 301 2467 his
331 2406 438 2466 babere
468 2407 615 2484 potuerit,
648 2409 680 2465 et
707 2425 742 2465 ex
772 2406 843 2483 ipsis
871 2426 940 2467 oum
961 2426 1054 2482 parva
1076 2408 1208 2469 farinula

142 2507 173 2553 ¹25
189 2497 302 2556 similae
325 2497 463 2556 tortellos
485 2499 571 2572 paret
586 2499 617 2554 et
632 2496 667 2554 de
683 2496 833 2571 praedicto
848 2496 972 2571 pulvere
987 2498 1085 2555 miuus
1101 2497 1203 2573 addat,

189 2605 281 2661 quam
303 2586 526 2662 praedictorum
547 2586 679 2644 iecorum
702 2585 750 2660 sit,
774 2588 804 2643 et
830 2586 981 2644 modicum
1008 2586 1150 2644 ciminum
1174 2592 1207 2646 et

131 2683 132 2688 ’
189 2675 230 2733 sic
254 2675 398 2738 comedat.
442 2673 518 2733 Nam
542 2674 622 2750 quod
646 2674 729 2750 talpa
752 2674 912 2749 aliquando
935 2693 965 2734 se
989 2675 1126 2749 ostendit,
1154 2677 1207 2736 ali·

189 2764 308 2838 quando
332 2765 422 2823 etiem
445 2783 476 2822 se
499 2763 661 2834 abscondit,
693 2769 723 2822 et
750 2763 831 2839 quod
858 2765 969 2822 terrem
997 2764 1099 2823 fodere
1121 2766 1206 2841 solet,

188 2852 307 2929 sanguis
331 2853 394 2912 eius
416 2852 488 2912 huic
511 2853 621 2928 morbo,
645 2853 698 2929 qui
721 2851 872 2911 interdum
894 2853 1031 2928 sentitur,
1054 2854 1207 2914 interdum

145 2953 173 2997 30
188 2942 310 3017 celatur,
333 2942 454 3004 resistit.
484 2943 523 3001 Et
539 2942 620 3018 quod
644 2943 733 3000 etiam
756 2940 903 3001 fortitudo
927 2945 1028 3002 anetae
1051 2942 1083 3000 in
1104 2947 1203 3004 rostro
1322 2967 1323 2989 l

186 3033 231 3089 est
253 3034 283 3089 et
306 3031 385 3106 quod
410 3049 477 3090 cum
493 3034 590 3090 rostro
613 3030 725 3089 munda
744 3033 774 3089 et
796 3031 951 3090 immunda
973 3031 1084 3108 tangit,
1113 3033 1205 3092 stiam

184 3119 255 3179 huic
277 3120 395 3191 morbo,
428 3121 480 3196 qui
502 3138 641 3196 praeceps
664 3123 695 3180 et
725 3119 834 3179 tacitus
862 3124 919 3191 est,
952 3124 1110 3197 repugnat
1156 3121 1206 3181 Ita

185 3209 274 3268 etiam
307 3213 337 3268 et
366 3228 483 3286 ungues
511 3210 632 3285 anseris,
663 3210 716 3286 qui
747 3227 825 3284 aqua
851 3210 966 3285 perfusi
997 3214 1068 3270 sunt
1095 3212 1125 3269 et
1149 3213 1204 3287 qui

185 3299 274 3357 etiam
298 3317 433 3375 quaeque
456 3299 575 3358 sordida
597 3302 740 3376 tangunt,
771 3299 838 3372 pict
861 3298 956 3357 eidem
979 3299 1083 3358 morbo
1107 3301 1202 3374 sedat,
1321 3301 1322 3304 ’

143 3388 328 3464 aequoniam
343 3388 422 3448 idem
438 3389 558 3449 morbus
574 3408 644 3448 cum
659 3391 747 3465 gutta
762 3405 847 3464 saepe
870 3389 1025 3452 excitatur.
1057 3389 1202 3448 Rostrum

257 3579 279 3651 1)
298 3598 323 3634 v.
347 3581 462 3649 12—p.
477 3580 551 3647 208,e
572 3605 604 3624 =
624 3577 811 3648 Migne·1334
829 3578 921 3632 A—B.
