2668 3924
202 205 264 265 174
588 197 835 254 Enorcsams

200 385 304 444 horem
327 384 358 442 in
381 402 431 442 ore
453 400 507 442 suo
531 385 637 455 teneat,
660 383 773 442 seilicet
792 387 828 442 ut
842 383 928 458 livor,
953 385 1006 460 qui
1021 384 1099 444 circa
1114 385 1221 445 dentes

200 491 270 533 suos
294 475 346 544 est,
370 472 555 545 emollescat;
576 473 607 531 et
628 472 670 530 sic
691 471 757 548 ipsa
778 491 864 549 equa,
889 491 980 548 quam
1002 473 1033 532 in
1056 491 1108 533 ore
1130 475 1221 548 tenet,
1324 463 1325 470 ἵ

202 563 304 622 dentes
331 563 423 638 lavet,
461 563 492 620 at
517 560 573 621 hoc
596 578 681 635 saepe
704 561 806 637 faciet,
839 566 869 622 et
898 562 976 622 livor
1008 563 1085 622 circe
1118 563 1221 624 dentes

203 651 331 727 amplius
353 669 412 710 non
434 652 551 726 crescet,
574 649 626 708 sed
649 650 712 708 seni
733 650 959 725 permanebunt.

174 757 188 800 5
269 741 316 800 Da
348 740 497 802 vermibus
527 741 563 798 ie
592 739 739 802 dentibus.
784 739 815 798 si
847 742 949 798 autem
980 741 1088 800 vermis
1115 740 1219 801 dentes

200 829 326 889 hominis
350 828 488 903 corrodit,
511 827 562 886 illa
585 827 649 887 aloe
672 832 703 887 et
725 847 855 904 myrram
879 829 997 906 aequali
1020 828 1151 904 pondere
1175 849 1221 890 ac·

200 919 290 995 cipiet
310 922 340 978 at
363 937 396 977 ea
418 919 449 976 in
472 920 565 978 testeo
587 934 656 976 vase
679 920 778 977 artum
801 918 934 977 foramen
954 917 987 976 in
1002 919 1079 978 eollo
1093 918 1221 978 habente

200 1026 289 1083 snper
321 1008 405 1067 vivos
439 1006 579 1066 carbones
611 1004 647 1064 de
677 1006 747 1083 fago
779 1006 872 1066 factos
899 1007 997 1084 posito
1019 1007 1159 1067 incendat
1187 1027 1221 1068 ac

199 1097 316 1156 fumum
342 1097 429 1155 illum
460 1114 514 1172 per
546 1097 702 1172 angustam
731 1096 927 1155 harundinem
959 1095 997 1155 ad
1029 1095 1155 1168 dentem,
1188 1097 1220 1156 in

161 1201 188 1246 10
202 1205 262 1262 quo
290 1185 379 1261 dolet,
411 1185 536 1244 transire
566 1184 721 1260 permittat
748 1184 835 1244 labiis
857 1185 976 1262 apertis,
1008 1185 1059 1244 sed
1083 1185 1221 1246 dentibus
1308 1262 1311 1267 ι

203 1275 381 1350 compressis,
420 1293 456 1334 ne
488 1291 578 1350 supra
612 1271 735 1332 modum
761 1273 840 1333 idem
862 1275 964 1333 fumus
987 1277 1097 1350 guttur
1118 1275 1219 1348 intret,

201 1367 231 1424 et
262 1364 318 1423 hoc
350 1366 404 1422 aut
430 1363 475 1422 bis
497 1363 546 1422 vel
568 1364 616 1421 ter
637 1362 670 1420 in
693 1362 740 1422 dic
762 1363 852 1422 faciat
874 1367 905 1422 et
926 1381 981 1440 per
1002 1364 1135 1440 quinque
1158 1364 1220 1424 dies

200 1453 242 1512 sic
264 1453 362 1526 faciat,
387 1456 417 1511 et
439 1451 604 1515 curabitur.
653 1450 729 1511 (lum
752 1453 829 1511 enim
856 1454 937 1512 calor
966 1451 1048 1512 oloae
1075 1455 1107 1512 et
1140 1454 1220 1513 calor
1324 1509 1325 1512 ,

200 1560 318 1618 myrrae
350 1560 418 1599 cum
441 1560 536 1617 aequo
566 1540 663 1599 calore
686 1543 717 1600 et
738 1540 903 1618 frigiditate
925 1542 1091 1620 ignitorum
1114 1543 1219 1603 carbo-

160 1646 188 1690 15
200 1649 273 1690 num
307 1631 487 1703 excitantur,
519 1628 665 1690 fortitudo
697 1630 774 1689 fumi
804 1649 907 1690 eornm
937 1648 1053 1691 uermes
1085 1629 1219 1692 dentium

200 1719 354 1796 extinguit.

267 1810 312 1868 De
333 1810 433 1871 aeolo.
479 1807 565 1878 Quod
589 1809 614 1865 si
636 1807 715 1866 idem
738 1808 840 1868 minus
860 1811 969 1886 guttur
990 1808 1135 1886 tetigerit,
1160 1810 1218 1870 ior·

200 1898 301 1958 titudo
326 1899 389 1958 eius
411 1900 520 1975 guttur
542 1901 573 1957 et
594 1890 677 1957 ibon
700 1915 828 1957 arescere
851 1897 932 1960 facit.

267 1988 312 2047 De
335 1987 434 2047 endis
456 1984 564 2049 dolore.
606 1981 630 2064 ¹)
639 1984 671 2043 Si
693 1987 765 2044 mali
786 1986 925 2046 humores
948 1987 980 2045 in
1003 1986 1166 2047 visceribus
1189 1989 1218 2046 et

161 2077 231 2134 rein
264 2077 363 2152 splene
394 2075 523 2135 hominis
561 2075 888 2152 superhabundaverint
918 2078 949 2135 et
986 2075 1070 2134 cordi
1107 2077 1218 2136 multas

202 2165 350 2239 passiones
372 2184 426 2240 per
448 2165 652 2224 melancoliam
675 2163 838 2241 intulerint,
862 2165 913 2223 ille
936 2165 1079 2243 galangae
1103 2169 1135 2225 et
1157 2167 1220 2225 ber-

201 2258 332 2312 tramum
355 2255 471 2330 aeqndi
494 2253 623 2330 pondere
642 2252 766 2328 accipiat
788 2258 819 2313 et
841 2253 943 2313 album
964 2254 1052 2331 piper
1074 2253 1112 2312 ad
1127 2273 1219 2330 quar·
1324 2303 1325 2322 ,

200 2345 400 2419 temperiem
422 2343 512 2402 unius
536 2343 670 2414 istorum,
693 2343 741 2400 vel
764 2343 789 2402 ei
812 2342 915 2401 album
936 2343 1022 2420 piper
1043 2361 1105 2402 non
1127 2343 1218 2403 habu·
1324 2337 1325 2342 ’

200 2432 266 2507 erit,
304 2432 430 2508 accipiat
458 2429 651 2505 perfreerutb
686 2433 792 2507 quater
825 2434 955 2508 tantum,
984 2434 1131 2508 qnantum
1161 2431 1219 2491 albi
1324 2455 1325 2508 5

159 2535 187 2580 25
200 2521 310 2596 piperis
333 2525 386 2598 est,
411 2522 534 2580 ethaeo
556 2521 588 2580 in
610 2519 765 2596 pulverem
786 2519 912 2597 redigat.
950 2521 1065 2580 Deinde
1093 2522 1219 2580 farinam
1324 2575 1325 2596 ,

199 2609 283 2669 fabae
305 2612 394 2670 tollat
416 2613 447 2669 et
474 2611 501 2669 ei
523 2610 710 2686 praedictum
732 2610 887 2685 pulverem
910 2609 1013 2681 addat,
1038 2612 1128 2686 atque
1149 2611 1220 2670 haee

200 2701 297 2758 omnia
319 2700 410 2759 simul
433 2717 500 2758 cum
523 2717 609 2760 succo
633 2699 804 2774 fenugraeci
826 2698 937 2775 absque
962 2717 1041 2774 equa
1063 2704 1093 2758 et
1108 2699 1220 2776 absque

198 2789 268 2847 vino
302 2791 331 2847 et
365 2788 474 2865 absque
502 2789 560 2847 alio
592 2789 708 2864 liquore
742 2788 936 2848 commisceat.
983 2788 1049 2859 Quo
1077 2788 1157 2848 facto
1186 2807 1220 2847 ex

200 2877 335 2936 omnibus
357 2877 404 2936 his
426 2878 560 2938 tortellos
582 2879 668 2954 paret
683 2879 713 2937 ct
728 2895 776 2936 eos
792 2877 829 2935 ad
847 2877 975 2936 calorem
989 2877 1060 2937 solis
1077 2879 1219 2949 exsiccet;

159 2979 187 3025 eo
200 2965 278 3026 unde
300 2967 332 3026 in
355 2968 472 3043 aestate,
498 2968 570 3026 dum
592 2967 684 3027 solem
703 2965 811 3026 habere
826 2969 933 3042 potest,
957 2984 1005 3026 eos
1020 2966 1119 3044 faciat,
1143 2986 1218 3044 qua-

199 3055 281 3114 tinus
303 3056 335 3114 in
362 3055 459 3115 hieme
487 3074 535 3116 eos
557 3055 673 3120 hebeat.
720 3054 830 3116 Deinde
854 3055 971 3114 eosdem
993 3055 1130 3115 tortellos
1157 3060 1219 3116 tam

200 3161 325 3218 pransus
356 3163 447 3220 quam
477 3145 595 3204 ieiunus
624 3144 765 3205 comedat.
810 3143 885 3202 Nam
918 3144 1000 3203 calor
1021 3145 1166 3222 galangae
1188 3146 1219 3204 et
1324 3157 1325 3208 l

200 3233 280 3293 calor
302 3235 444 3294 bertrami
466 3238 496 3294 et
519 3234 599 3293 calor
622 3235 683 3294 albi
706 3233 816 3310 piperis
839 3251 892 3293 seu
915 3233 994 3293 calor
1011 3234 1167 3307 pesercrut
1187 3237 1219 3293 et
1324 3255 1325 3280 1

200 3322 280 3382 calor
314 3323 398 3382 fabae
432 3341 500 3382 oum
532 3321 699 3400 frigiditate
733 3322 903 3400 fenugraeci
930 3323 1088 3400 temperati
1121 3325 1152 3382 et
1181 3322 1219 3381 ad
1324 3377 1325 3406 ,

157 3425 185 3469 as
201 3429 306 3472 senum
329 3413 457 3472 calorem
480 3413 549 3472 solis
571 3411 670 3488 positi,
704 3415 740 3471 nt
774 3411 960 3487 praedictum
996 3415 1048 3482 est,
1083 3411 1218 3471 dolorem
1324 3413 1325 3436 ¹

274 3599 297 3671 1)
318 3619 342 3657 v.
363 3602 567 3672 le-p.175,4
588 3623 619 3650 =
639 3601 736 3672 Migne
757 3601 826 3657 1134
845 3601 973 3656 0-1135
991 3600 1025 3656 A.
