2680 3938
400 198 540 254 CAUSAE
558 198 606 254 ΕΤ
625 197 746 255 CURAE
765 198 832 253 LIB.
850 198 872 253 Ι.
1105 201 1146 262 19

114 387 264 460 movent,
289 383 540 460 quemadmodum
555 385 644 445 homo
666 386 731 444 rete
752 384 784 443 in
805 403 897 443 mann
919 402 974 444 sua
995 386 1095 443 teneen
1117 387 1148 443 et

112 473 207 534 illud
229 476 362 546 moveat3
393 474 436 532 ita
458 473 597 534 ethome
626 473 771 533 elementa
794 476 967 545 commovet,
998 472 1078 548 quod
1100 490 1144 532 se·

116 562 260 622 cundum
285 582 375 639 opera
398 563 461 622 eius
484 582 588 623 aurem
611 563 761 640 emittunt.

196 653 242 712 De
265 652 356 712 lucae
379 652 489 723 effectu.
533 653 573 712 Et
604 654 722 728 tempus
744 652 833 711 lunae
862 653 987 710 naturae
1018 649 1146 712 hominis

114 759 188 800 non
211 741 398 816 dominatur,
432 741 517 817 quasi
541 741 613 801 deus
645 741 709 800 eius
737 741 789 813 sit,
820 743 851 800 et
872 740 956 800 velut
977 739 1066 800 homo
1090 740 1174 798 ali-⁵

117 849 219 906 quam
252 833 431 907 potestatem
464 832 587 890 naturae
616 830 652 889 de
683 831 736 889 illa
763 828 901 905 ecoipiat3
933 832 986 888 aut
1012 833 1048 889 ut
1074 829 1147 888 luna

117 923 252 979 naturae
275 919 404 979 hominis
427 919 542 995 aliquid
565 921 697 980 conferat
719 922 773 980 aut
788 919 888 978 demat
902 919 956 977 aut
970 917 1144 991 constituat3

117 1008 180 1068 sed
202 1008 315 1068 homini
337 1009 368 1067 in
391 1027 477 1068 aereo
500 1011 594 1087 gustu
616 1009 760 1086 cuiusque
777 1009 875 1086 operis
889 1008 969 1068 vitae
991 1025 1061 1066 suae
1073 1007 1145 1065 luna

118 1098 266 1174 occurrit,
295 1103 325 1157 et
345 1098 390 1157 ita
411 1099 532 1175 sangnis
563 1101 593 1158 et
613 1098 763 1174 humores,
793 1098 845 1174 qui
872 1098 904 1156 in
925 1096 1043 1156 homine
1066 1099 1144 1168 sunt,

117 1189 195 1262 post
217 1190 335 1263 tempus
364 1187 569 1247 commotionis
596 1187 684 1246 lunae
712 1190 879 1263 moventur,
910 1187 1022 1246 scilicet
1043 1191 1187 1244 secun-10

118 1277 200 1335 dnm
232 1276 313 1352 quod
340 1276 413 1335 luna
442 1295 539 1336 aerem
565 1277 596 1335 in
619 1276 697 1336 bona
719 1276 862 1353 temperie
889 1278 943 1335 aut
969 1276 1144 1350 tempestate

117 1367 228 1425 movet
260 1368 291 1425 et
325 1366 486 1425 secundum
518 1365 599 1442 qued
626 1369 700 1425 tunc
730 1365 851 1442 sanguis
881 1368 911 1424 et
941 1365 1079 1423 humores
1113 1362 1144 1421 in

119 1454 247 1514 homine
282 1453 439 1530 inundant,
474 1455 656 1516 humectatio
689 1455 818 1514 hominis
851 1459 990 1514 naturam
1024 1451 1081 1512 sibi
1113 1452 1145 1510 in

118 1543 259 1603 moribus
291 1543 448 1607 contrahit.
493 1543 551 1605 Sed
583 1545 672 1603 etiam
700 1563 768 1604 oum
794 1563 886 1603 venae
912 1542 1040 1602 hominis
1062 1541 1142 1601 intu-
1189 1583 1197 1587 -

119 1633 270 1708 mescnnt,
303 1632 416 1692 scilicet
445 1651 512 1692 oum
544 1633 590 1692 ire
619 1635 649 1692 ct
674 1633 836 1706 iracundia,
871 1651 939 1692 cum
966 1631 1142 1708 petulantia,
1158 1635 1186 1682 15

122 1719 278 1793 conviviis,
309 1721 433 1781 tristitia
455 1724 486 1781 et
506 1723 680 1782 infirmitate
705 1721 838 1798 corporIs
861 1725 892 1781 et
914 1740 983 1781 cum
1004 1718 1143 1778 mutabili

123 1809 332 1871 vicissitudine
354 1811 482 1870 turbinis
503 1831 621 1871 morum
643 1810 780 1887 hominis,
807 1811 970 1872 secundum
992 1809 1064 1867 haec
1090 1805 1143 1868 hu·

122 1899 267 1959 mentatio
290 1899 417 1959 hominis
437 1903 562 1978 gustum
583 1901 615 1959 in
638 1904 746 1960 natura
768 1918 823 1959 sua
838 1899 926 1975 oepit,
949 1898 1034 1958 velut
1053 1915 1142 1956 unus·

124 1989 254 2066 quisque
277 1992 378 2048 coctus
401 1988 483 2048 cibus
507 1993 630 2067 gnatum
645 1989 808 2049 secundum
830 2007 923 2066 genus
942 2005 1031 2046 suum
1053 1988 1143 2045 tenet

123 2077 183 2136 Sed
207 2080 306 2137 tamen
329 2097 445 2138 omnem
467 2077 544 2138 hanc
558 2081 695 2138 naturam
718 2078 854 2152 hominis,
876 2079 913 2137 ut
926 2075 1140 2153 praescriptum
1156 2079 1183 2124 Ὦ

122 2169 181 2242 est,
213 2167 334 2243 spiritns
362 2172 481 2228 sanctus
509 2170 657 2244 penetrat,
684 2168 824 2228 videlicet
854 2167 886 2227 in
913 2165 1078 2242 prophetis,
1111 2164 1143 2223 in

120 2255 313 2332 sapientibus,
337 2256 368 2315 in
391 2257 484 2328 bonis,
507 2257 539 2316 in
563 2257 663 2330 rectis3
693 2257 776 2316 etin
800 2257 880 2316 omni
902 2257 981 2316 bona
1002 2255 1142 2314 electione

122 2363 173 2404 eos
197 2344 234 2404 ad
258 2364 288 2405 se
310 2345 440 2417 trahens,
463 2345 541 2406 sicut
556 2347 602 2405 sol
616 2348 815 2423 tempestates,
837 2345 999 2423 pertransit
1022 2345 1052 2402 et
1073 2362 1140 2419 per-

122 2434 242 2510 lustrat,
265 2434 308 2493 ita
331 2435 413 2511 quod
434 2434 506 2495 haec
527 2436 660 2510 pertusio
682 2435 762 2513 ignei
783 2435 905 2512 spiritns
929 2433 1022 2494 sancti
1034 2432 1140 2491 'muta-

121 2523 212 2582 bilem
223 2526 361 2583 natnram
372 2523 499 2584 hominis
512 2529 641 2601 superat,
657 2527 694 2584 ut
705 2524 850 2600 scriptum
862 2527 919 2584 est:
936 2541 1035 2582 omne
1046 2521 1140 2598 qued
1154 2528 1181 2573 2⁵

121 2615 241 2671 natum
264 2615 319 2672 est
341 2632 380 2672 ex
403 2614 480 2689 deo,
503 2614 620 2673 vincit
641 2613 823 2686 mundum3
847 2613 934 2673 etsie
953 2631 1012 2671 non
1031 2613 1141 2687 peccat.

121 2700 161 2761 Et
182 2704 219 2761 ut
240 2701 314 2762 viles
351 2703 409 2762 cibi
440 2702 476 2762 (le
499 2705 591 2780 gustu
620 2703 788 2762 aromatum
813 2703 845 2762 in
875 2703 967 2761 alium
989 2700 1141 2760 meliorem

124 2791 249 2867 gustum
272 2793 436 2869 mutantur,
457 2793 501 2851 ita
523 2795 559 2851 ut
582 2793 671 2852 vilem
687 2794 809 2868 gustum
832 2810 919 2851 suum
942 2789 1076 2866 perdant,
1099 2789 1141 2848 sic

122 2880 158 2938 de
188 2879 257 2955 igne
285 2881 409 2957 spiritus
437 2882 530 2941 sancti
558 2881 626 2940 vilis
648 2885 757 2940 natura
779 2879 906 2940 hominis
934 2881 965 2939 in
987 2878 1141 2938 meliorem

121 2971 268 3045 naturam,
304 2989 394 3046 quam
420 2971 573 3046 conceptio
602 2971 665 3030 eius
689 2970 834 3046 ostendat,
866 2970 1011 3042 vertitur3
1045 2970 1076 3028 et
1098 2968 1140 3026 ita
1153 2975 1181 3021 eo

120 3056 209 3117 home
233 3058 309 3118 alius
331 3059 363 3117 in
385 3062 492 3118 natura
515 3079 570 3120 sua
591 3060 637 3132 fit,
671 3061 742 3135 quia
765 3059 844 3135 quod
872 3060 996 3120 caeleste
1019 3060 1063 3116 cst
1086 3056 1136 3115 ds·

121 3147 214 3206 vincit
237 3151 268 3207 et
291 3151 447 3224 exsuperat
469 3147 549 3224 qued
571 3153 724 3209 terrenum
740 3160 791 3224 est,
814 3149 893 3208 unde
910 3148 1008 3208 omnia
1031 3147 1062 3204 in
1085 3145 1138 3204 deo

122 3237 254 3313 gaudent
282 3237 404 3312 antiquo
428 3241 563 3313 serpente
589 3238 687 3298 illuso.
732 3236 818 3298 Nunc
851 3241 958 3313 autem,
989 3237 1026 3294 ut
1057 3253 1139 3311 prae-

123 3325 313 3398 dictumest,
344 3327 472 3386 minores
500 3330 611 3387 ceterae
640 3327 744 3387 stellae
771 3327 886 3387 diversa
915 3329 945 3386 et
971 3324 1140 3384 communia

121 3417 152 3474 et
172 3416 289 3474 minore
310 3434 401 3491 opera
424 3416 580 3476 hominum
606 3416 816 3479 demonstrant.
862 3414 936 3476 Gnm
964 3414 1043 3473 enim
1066 3432 1138 3474 sers-
1152 3421 1180 3469 35

121 3501 198 3564 nitas
229 3505 259 3562 in
294 3504 424 3564 nubibus
455 3508 507 3581 est,
539 3505 583 3565 ite
613 3509 650 3566 ut
676 3505 759 3564 nulla
785 3504 878 3565 motio
906 3506 1064 3565 ventorum
1085 3520 1139 3560 nac

121 3595 332 3669 tempestatum
361 3613 414 3654 neo
443 3594 586 3655 imbrium
618 3596 648 3654 in
670 3613 737 3654 aere
765 3593 817 3667 sit,
848 3593 899 3653 sed
928 3591 1009 3670 quod
1036 3590 1162 3651 stellae·

995 3693 1031 3746 2*
