2662 3932
368 168 509 224 CAUSAE
527 166 574 222 ΕΤ
593 166 715 223 CURAE
734 167 802 222 ΜΒ.
822 167 856 220 lI.
1056 171 1117 231 101
1137 119 1146 132 ·

88 355 148 431 qui
165 353 300 429 stirpem
315 353 352 411 ad
367 351 574 411 fortitudinem
590 369 675 410 suam
691 349 789 428 erigit.
820 349 865 408 lld
880 349 947 410 ideo
964 349 1001 408 ad
1022 369 1120 410 exara·
1142 397 1147 410 .

87 445 217 504 tionem
228 442 354 501 feminae
362 440 448 501 velut
457 444 553 502 terrae
563 439 665 499 eadem
677 441 766 516 stirps
778 439 853 516 erigi
865 457 924 498 non
935 440 1122 516 potest,quia

88 537 187 592 vento
215 531 329 591 virium
351 549 473 590 suarum
487 533 613 591 vacuata
628 531 682 605 est,
705 529 760 604 qui
781 547 845 586 eam
869 528 906 587 ad
928 529 986 588 iter
1009 528 1120 605 produ·

88 622 209 681 candae
226 620 321 696 prolis
337 618 504 679 confortare
520 617 654 693 debebat,
678 616 929 694 quemadmodum
951 617 1041 676 etiam
1056 637 1119 676 era-

86 715 180 770 trum
196 711 313 768 terram
326 707 429 768 fodere
444 727 504 767 non
529 709 618 778 valet,
639 707 720 783 quod
736 707 816 764 ferro
832 706 1008 765 exarationis
1029 710 1146 771 carati

162 800 215 859 De
238 796 336 860 toarci
357 798 520 871 inflatione.
568 795 673 855 Virilis
706 795 784 854 enim
814 793 961 854 fortitudo
990 794 1021 852 in
1048 796 1119 857 viri-
1208 811 1211 818 ⁴

88 889 176 948 libus
201 879 315 964 magna
343 889 401 962 est,
435 886 485 945 sed
512 884 663 944 interdum
690 886 744 943 aut
770 884 806 942 de
832 884 918 942 malis
945 882 1121 944 humoribus

91 981 147 1036 aut
162 975 322 1036 intal'dum
343 975 380 1034 de
403 975 491 1034 noxio
507 974 615 1034 sudore
631 976 684 1033 aut
698 973 849 1032 interdum
864 972 900 1032 de
915 973 1121 1048 superfluitate

91 1065 309 1126 delectationis
335 1064 367 1123 in
396 1063 535 1124 virilibus
563 1062 708 1139 quaedam
734 1062 856 1139 indigna
882 1061 1046 1121 humiditas
1069 1065 1123 1122 aut

93 1155 185 1215 ulcus
203 1158 262 1213 aut
275 1153 388 1212 inflatio
404 1152 544 1230 insurgit,
569 1153 612 1211 ita
628 1150 710 1228 quod
733 1151 835 1211 eadem
857 1151 956 1209 virilia
978 1151 1121 1210 inflentur
1135 1159 1162 1204 10

93 1248 125 1303 et
146 1243 242 1302 malis
265 1241 416 1302 ulceribus
438 1243 607 1302 laeduntur.

165 1335 219 1394 Dc
244 1333 391 1393 disseris.
437 1329 536 1391 Homo
559 1335 669 1404 autem,
700 1329 754 1406 qui
776 1329 894 1388 urinam
915 1330 1041 1389 retinere
1063 1348 1123 1389 non

95 1425 212 1496 potest,
236 1421 285 1479 illi
304 1420 473 1480 stomachus
494 1419 624 1497 frigidas
646 1421 691 1478 est
713 1422 744 1477 et
765 1419 869 1495 vesica,
893 1422 923 1478 et
944 1419 1009 1479 ideo
1033 1422 1123 1494 potus

97 1511 130 1569 in
162 1511 208 1569 eis
239 1509 278 1569 ad
304 1509 472 1586 perfectam
502 1509 591 1585 coqui
616 1526 675 1566 non
702 1508 826 1584 poterit;
859 1511 889 1567 et
911 1512 1069 1584 antequam
1091 1508 1123 1566 in

100 1600 143 1660 eis
167 1601 335 1677 coquatur,
368 1601 404 1657 ut
430 1597 532 1674 tepida
563 1616 641 1674 aqua
673 1597 781 1672 effluit,
811 1599 896 1657 velut
923 1598 948 1657 si
975 1616 1053 1674 aqua
1085 1597 1122 1656 ad
1136 1607 1163 1652 15

101 1689 205 1766 ignem
235 1691 368 1765 ponatur
389 1690 421 1746 et
442 1706 511 1746 cum
536 1687 590 1745 illa
610 1687 784 1746 incalescere
805 1687 960 1762 inceperit,
986 1686 1123 1763 superius

101 1778 224 1851 effluat,
259 1780 417 1853 antequam
446 1777 572 1849 ferveat3
605 1776 684 1834 siout
709 1775 800 1834 etiam
822 1777 854 1834 in
880 1775 1042 1834 infantibus
1069 1779 1122 1849 est,

103 1867 157 1942 qui
180 1867 306 1925 urinam
327 1866 455 1925 retinere
476 1883 535 1924 noa
558 1867 690 1941 possunt,
719 1865 859 1940 quoniam
880 1883 934 1924 nec
955 1863 1123 1924 stomachus

100 1974 154 2015 nac
173 1956 275 2016 vesica
292 1973 394 2014 eoram
408 1954 573 2031 perfectum
588 1954 716 2012 calorem
730 1952 840 2012 habent
854 1952 905 2013 sad
918 1953 1123 2030 frigiditatem.

169 2043 218 2106 De
237 2045 384 2120 podagra.
429 2043 484 2102 llle
506 2060 586 2118 vero,
610 2044 663 2119 qui
685 2043 789 2102 molles
812 2060 910 2102 carnes
932 2046 963 2102 et
984 2042 1123 2102 delicatas
1136 2050 1165 2096 uo

103 2133 135 2190 in
165 2152 295 2210 corpore
324 2150 379 2192 suo
408 2131 499 2191 habet
531 2136 562 2190 et
589 2132 642 2208 qui
669 2131 798 2192 diversos
825 2135 855 2191 et
883 2131 1022 2192 delicatos
1045 2130 1125 2192 cibos

103 2221 278 2299 frequenter
300 2222 437 2296 comedit,
459 2217 623 2298 podagram
644 2221 731 2280 facile
753 2221 888 2284 incurrit.
917 2219 992 2279 Nam
1015 2221 1124 2297 siquis

106 2309 181 2371 duos
218 2312 313 2371 bonos
343 2316 374 2370 et
400 2329 484 2370 sanos
521 2309 603 2370 cibos
635 2310 764 2370 comedit
795 2313 825 2370 et
855 2311 981 2370 tertium
1012 2311 1125 2370 malum

109 2402 137 2458 et
160 2400 324 2472 infirmum,
348 2400 395 2459 illi
418 2398 478 2459 duo
497 2398 567 2458 boni
586 2401 616 2458 et
630 2400 693 2458 sani
709 2399 766 2459 cibi
781 2398 860 2459 hunc
874 2400 1000 2459 tertium
1013 2399 1125 2458 malum

110 2492 140 2546 et
160 2489 316 2550 infirmum
346 2491 535 2565 exsuperant,
566 2492 603 2548 ut
630 2489 831 2548 comedentem
857 2489 1006 2548 hominem
1029 2489 1167 2547 minusue

110 2576 217 2639 laedat.
265 2579 297 2637 Si
320 2581 420 2638 autem
443 2577 590 2653 quispiam
611 2576 701 2636 homo
725 2578 800 2637 duos
822 2578 916 2636 malos
938 2581 968 2637 et
993 2576 1125 2636 infirmos

113 2665 191 2728 cibos
213 2667 343 2729 eomedit
365 2672 397 2726 et
417 2666 518 2726 eodem
535 2669 669 2742 tempore
691 2667 814 2726 tertium
835 2667 948 2726 bonum
971 2669 1001 2725 et
1021 2685 1126 2726 senam

115 2755 221 2831 cibum,
245 2757 292 2815 illi
315 2757 374 2816 duo
397 2756 468 2814 mali
499 2757 529 2814 et
554 2755 663 2814 infirmi
686 2756 745 2815 eibi
767 2755 846 2815 bunc
867 2756 993 2816 tertium
1013 2755 1126 2815 bonum

115 2844 143 2900 et
164 2864 268 2906 sanum
291 2845 391 2906 eibum
413 2844 587 2920 opprimunt
613 2847 643 2904 et
669 2864 738 2905 eum
760 2845 797 2904 ad
819 2846 975 2905 sanitatem
997 2844 1126 2905 bominis

114 2949 178 2993 raro
202 2953 361 3012 exsurgere
383 2933 569 3010 permittunt.
607 2935 647 2993 Et
668 2952 752 3010 saepe
776 2935 923 3011 contingit
948 2933 1124 3009 bominibus,
1138 2942 1167 2988 30

115 3022 165 3094 qui
187 3024 310 3085 diversis
339 3023 411 3083 cibis
441 3025 583 3096 utuntur,
617 3023 698 3100 quod
725 3023 794 3083 inde
820 3024 906 3084 facile
928 3024 1125 3086 infirmantur.

117 3106 187 3170 cum
210 3132 281 3192 ergo
303 3113 363 3188 illi,
391 3112 445 3189 qui
466 3111 571 3172 molles
595 3114 626 3171 et
648 3112 788 3173 delicatas
815 3131 916 3173 carnes
943 3113 974 3172 in
1002 3131 1125 3188 corpore

114 3195 233 3275 babent,
265 3201 388 3263 diversis
415 3204 445 3261 et
473 3199 607 3260 delicatis
633 3201 706 3262 cibis
729 3202 963 3278 supramodum
985 3205 1123 3279 utuntur,

116 3289 181 3347 nali
210 3291 350 3352 humores
372 3288 668 3366 superhabundanter
695 3292 725 3349 in
755 3292 795 3351 eis
823 3291 970 3351 inundent
993 3294 1023 3351 et
1045 3310 1121 3350 cres·

116 3380 189 3454 eunt,
211 3381 254 3440 ita
277 3380 358 3458 quod
381 3377 525 3439 contineri
542 3397 603 3438 non
617 3383 750 3456 possunt,
774 3381 846 3456 quin
868 3380 925 3440 hac
947 3384 978 3439 et
1000 3380 1069 3439 illac
1091 3381 1122 3439 in
1135 3389 1163 3435 35

118 3459 277 3530 hominibus
300 3469 360 3529 illis
383 3466 548 3528 inordinate
569 3469 665 3528 fluant
686 3472 718 3528 et
739 3469 781 3529 sio
796 3469 914 3529 tandem
930 3469 968 3528 ad
981 3467 1124 3529 inferiora

119 3550 290 3618 descendunt
318 3562 349 3618 et
375 3558 405 3616 in
431 3556 569 3617 eruribus
597 3577 631 3618 ac
657 3558 688 3617 in
715 3557 840 3634 pedibus
868 3577 969 3618 comm
992 3558 1122 3617 insanire
