2662 3932
82 155 100 220 l
198 155 261 218 122
583 145 828 204 armachanis

196 335 325 414 portant,
356 351 445 408 quem
469 331 619 391 medianae
641 333 695 391 aut
721 331 863 408 epatioae;
898 333 928 390 et
961 330 1028 392 ideo
1062 331 1225 392 salubrius

197 426 250 493 est,
280 425 317 482 ut
345 421 377 481 in
407 421 557 498 cephahea
583 421 703 499 sanguis
735 421 850 497 saepius
880 421 1034 481 minuatur
1067 441 1160 498 quam
1185 423 1224 481 in

198 511 264 571 aliie
285 511 380 572 venis.
408 509 483 570 Nam
507 510 560 586 qui
582 511 712 570 multum
734 511 843 587 flegma
864 514 896 568 in
918 510 1014 586 capite
1037 511 1068 570 et
1088 510 1120 569 in
1140 530 1223 589 peo-

196 603 262 660 tore
284 598 380 676 habel,
408 603 461 660 aut
483 600 532 659 cui
554 602 645 676 capnt
665 600 778 674 reboat,
811 599 855 659 ita
884 598 966 675 quod
995 599 1116 660 auditus
1147 600 1220 660 eins

168 689 264 748 sinde
286 689 474 766 aliquantum
490 687 664 764 obduratur,
684 687 860 766 sangninem
874 689 906 747 in
921 688 1070 764 cephalica
1084 690 1216 766 minuat,

196 779 247 841 sed
280 781 380 838 tamen
409 781 593 854 praecaveat,
625 796 663 837 ne
689 778 820 838 multum
843 777 996 855 sanguinis
1017 778 1061 837 ibi
1083 778 1216 855 emittat,

195 886 232 927 ne
263 867 340 928 forte
371 867 452 927 oculi
483 867 547 926 eins
578 866 683 926 exinde
716 867 844 944 caligare
877 867 1034 942 incipiant,
1069 868 1217 943 qnoniam

197 957 343 1033 quaedam
365 955 498 1032 venulae,
522 974 598 1032 quae
621 955 658 1014 ad
681 956 781 1016 oeulos
796 955 930 1028 tendunt,
953 956 1027 1032 ipsis
1042 955 1216 1034 adhaerent,

195 1046 239 1105 ita
260 1048 304 1122 ut,
327 1046 352 1106 si
374 1046 488 1105 multus
510 1045 630 1122 sanguis
653 1045 690 1104 ab
723 1063 757 1104 ee
787 1045 932 1118 aufertur,
964 1045 1054 1104 etiam
1085 1047 1216 1106 venulae

156 1147 183 1192 ιο
195 1134 251 1194 sibi
275 1134 465 1194 adhaerentes
481 1134 624 1210 sanguine
640 1137 823 1193 evacuantur
845 1138 875 1193 et
897 1135 940 1194 ita
963 1133 1050 1194 homo
1070 1134 1102 1193 in
1117 1136 1216 1196 oculis

195 1223 322 1301 caligare
344 1223 459 1299 incipit.

262 1314 309 1376 De
331 1313 557 1384 scarificatione.
604 1310 660 1371 Oui
683 1313 763 1373 oculi
785 1332 803 1371 a
829 1312 916 1372 malis
938 1311 1116 1372 humoribus
1138 1314 1213 1372 cali·

127 1398 133 1408 '
195 1421 266 1479 gare
289 1402 436 1478 incipiunt
458 1404 512 1460 aut
534 1400 583 1460 oui
609 1402 736 1462 ulcerosi
766 1404 837 1461 sunt
869 1402 918 1462 vel
951 1401 1000 1460 cui
1033 1419 1100 1461 caro
1133 1402 1217 1462 circa

196 1490 297 1550 oculos
332 1490 489 1562 evolvitur,
523 1493 603 1550 retro
638 1509 723 1550 aures
756 1493 786 1550 et
807 1491 885 1550 inter
906 1490 1050 1550 cervicem
1072 1491 1214 1551 cornibus

155 1593 183 1638 ts
196 1582 250 1638 aut
271 1580 401 1640 ventosis
424 1579 597 1657 sanguinem
618 1580 769 1640 moderate
790 1579 913 1655 minuat,
947 1582 979 1640 et
1011 1578 1068 1640 hcc
1096 1583 1143 1640 ter
1163 1581 1215 1640 vel

194 1671 299 1744 qnater
330 1671 361 1728 in
393 1688 468 1728 anne
503 1669 602 1744 faciat,
635 1669 685 1728 vel
707 1670 732 1729 si
755 1668 871 1744 saepius
894 1668 937 1727 ibi
959 1686 1014 1744 pro
1037 1669 1214 1730 necessitate

195 1758 357 1818 scarificare
379 1759 455 1833 vult,
477 1761 561 1818 tanto
585 1757 683 1818 minus
705 1758 858 1835 sangmnis
880 1758 1012 1830 emittat,
1039 1776 1077 1817 ne
1099 1759 1122 1817 si
1147 1776 1213 1818 san-

195 1847 316 1925 guinem
339 1865 431 1924 supra
463 1845 586 1907 modum
618 1847 784 1920 abstulerit,
822 1846 890 1906 inde
923 1846 1069 1910 laedatur.
1113 1847 1154 1906 Et
1175 1866 1214 1906 ea

195 1939 281 2012 parte
303 1937 434 2013 eorporis
457 1937 489 1995 in
511 1955 586 1996 vena
607 1937 782 2014 sanguinem
797 1935 922 2012 minuat,
945 1955 1004 2012 qua
1018 1939 1105 2012 parte
1120 1935 1213 1997 dolet.

154 2036 182 2084 ιο
195 2024 227 2084 Si
250 2026 318 2102 quis
339 2026 371 2084 in
393 2026 497 2103 lingua
519 2025 609 2100 dolet,
639 2025 682 2084 ita
714 2024 797 2102 quod
827 2027 881 2084 aut
910 2029 1007 2085 tumet
1030 2027 1084 2084 aut
1105 2027 1211 2097 asciret,

195 2133 260 2174 eam
283 2118 337 2174 aut
359 2133 427 2174 cum
449 2110 566 2174 modico
588 2113 747 2174 flebotomo
768 2117 821 2172 aut
841 2133 909 2174 oum
929 2115 1029 2174 &cneo
1047 2133 1213 2192 parumper

194 2202 313 2276 incidat,
335 2207 372 2262 ιιι
393 2203 502 2263 ibidem
526 2203 603 2263 livor
631 2207 781 2279 erumpat,
805 2206 835 2262 et
862 2203 968 2262 mehus
995 2201 1126 2264 habebit
1171 2203 1214 2263 Et

194 2292 247 2367 qni
268 2292 301 2350 in
323 2291 460 2352 dentibus
488 2291 578 2367 dolet,
612 2311 681 2350 cum
714 2293 829 2352 modico
864 2291 1022 2352 flebotomo
1057 2295 1111 2351 aut
1141 2311 1213 2352 curn
1271 2352 1274 2358 ,

194 2381 294 2445 beera
328 2399 457 2452 earnem,
487 2399 563 2457 quae
594 2381 670 2440 eirca
702 2380 827 2441 eundem
850 2380 967 2440 dentem
999 2383 1056 2456 est,
1095 2380 1129 2440 id
1166 2385 1213 2441 est

153 2470 364 2543 manusnotat,
398 2490 458 2529 uno
488 2470 609 2530 vnlnere
636 2469 787 2530 modicum
814 2471 938 2543 incidet,
976 2473 1012 2529 ut
1044 2469 1129 2530 tabes
1152 2471 1208 2530 ibi·

194 2559 261 2618 dem
283 2559 461 2637 egrediatur,
484 2562 515 2619 et
536 2559 642 2620 melius
664 2557 793 2624 habebit.
839 2559 898 2631 Qui
922 2562 1022 2618 autem
1044 2559 1131 2618 triste
1159 2578 1212 2620 cor

194 2651 225 2707 et
247 2667 416 2725 oppressam
435 2651 565 2708 mentem
584 2648 681 2722 habet,
704 2651 735 2709 et
757 2648 809 2725 qui
831 2649 862 2706 in
884 2648 1020 2724 quolibet
1041 2648 1135 2708 latere
1157 2653 1212 2708 ant

193 2737 223 2796 in
246 2737 386 2813 pulmone
401 2737 491 2809 dolet,
513 2738 546 2796 in
559 2738 695 2798 mediana
709 2737 883 2814 sanguinem
897 2737 1021 2812 minuat,
1044 2736 1095 2796 sed
1108 2741 1210 2797 tamen

193 2824 358 2901 moderate,
389 2831 425 2886 ut
446 2826 654 2886 fortitudinem
677 2826 774 2886 cordis
808 2827 950 2901 retineat,
988 2844 1025 2884 ne
1059 2826 1085 2884 si
1118 2845 1210 2903 snpra

154 2924 181 2970 ce
194 2914 315 2976 modum
338 2915 381 2974 ibi
403 2916 575 2992 sanguinem
597 2916 747 2991 minuerit,
779 2915 811 2974 in
841 2914 929 2976 corde
953 2915 1077 2974 minuat.
1122 2915 1210 2986 Quod

193 3003 219 3062 si
242 3004 390 3082 quispiam
412 3005 443 3063 in
466 3004 553 3065 oortle
575 3004 665 3080 dolet,
694 3008 854 3081 antequam
883 3005 914 3063 in
936 3022 1012 3064 vena
1034 3005 1207 3080 sanguinem
1325 3009 1326 3062 l

192 3093 315 3167 minuat,
344 3093 375 3152 in
403 3093 504 3153 dextro
532 3092 652 3154 brachio
674 3093 707 3152 in
728 3093 863 3153 mediana
885 3094 1059 3170 sanguinem
1081 3095 1206 3164 auferat,

193 3184 224 3241 et
245 3182 276 3240 in
299 3182 386 3245 corde
408 3183 516 3242 melius
538 3181 667 3242 habebit.
712 3180 744 3240 Si
770 3183 839 3258 quis
866 3200 937 3242 vero
959 3183 991 3240 in
1013 3184 1101 3262 epate
1124 3185 1155 3242 et
1177 3183 1207 3242 in

1325 2933 1326 3008 l

194 3271 294 3345 splene
317 3270 407 3348 dolat,
431 3275 484 3332 aut
505 3271 618 3348 siquis
640 3272 671 3329 in
686 3271 764 3332 eollo
786 3271 870 3332 etin
885 3274 1010 3349 gutture
1033 3271 1119 3347 qnasi
1142 3289 1206 3331 oon·

156 3359 357 3420 acaronem
379 3361 546 3438 spiraminis
569 3360 667 3436 sentit,
701 3363 755 3419 aut
778 3360 831 3437 qui
863 3360 1021 3437 empnam
1049 3359 1081 3418 n
1113 3360 1206 3420 oeulis
1325 3337 1326 3424 l

192 3449 316 3524 patitur,
348 3449 380 3508 in
410 3450 524 3527 epatica
554 3449 727 3526 sanguinem
749 3449 873 3524 minuat,
895 3451 927 3508 et
949 3448 1056 3508 melius
1077 3447 1207 3510 habebit.

193 3536 280 3608 Quod
302 3538 327 3596 si
349 3538 381 3598 in
396 3539 510 3616 epatica
533 3541 587 3597 aut
608 3538 639 3596 in
654 3537 804 3615 cephalica
826 3537 897 3597 satis
921 3537 957 3597 (le
980 3536 1123 3613 sanguine
1140 3537 1206 3598 abs·
1325 3577 1326 3588 ι
