2668 3924
197 159 259 218 200
581 150 826 206 HILDEGARDIS

194 358 263 396 nam
294 337 407 396 similae
434 335 560 412 accipiat
583 339 612 394 et
634 335 786 410 pulverem
808 335 901 393 istum
924 334 1036 393 farinae
1059 333 1133 394 huic
1155 335 1214 394 im-

194 427 303 499 mittat,
333 430 364 486 et
390 425 432 485 sic
460 443 528 484 cum
551 424 652 485 vitello
676 424 726 483 ovi
753 442 786 482 ac
808 443 877 484 oum
899 424 1016 482 modica
1040 443 1118 500 aqua
1141 429 1213 483 tor-

194 517 280 575 tellos
302 518 356 574 aut
378 515 409 572 in
431 514 527 574 calida
549 515 666 572 fornace
690 516 743 572 aut
765 514 820 572 sub
837 512 938 572 calidis
955 512 1101 571 cineribus
1117 513 1215 572 faeiat

196 608 226 664 et
246 605 384 664 tortellos
406 603 479 663 istos
507 603 649 672 comedat,
684 602 735 661 sed
770 604 800 660 et
832 602 1020 676 praedictum
1054 602 1212 677 pulverem

167 705 285 769 5super
318 712 425 769 panem
456 693 589 768 positum
624 691 790 750 manducet.
841 689 917 749 Nam
951 709 1020 750 cum
1055 690 1213 768 frigiditas

195 783 296 842 cimini
319 785 348 841 et
369 781 520 858 frigiditas
542 780 699 839 bibinellae
722 781 752 838 et
774 780 925 856 frigiditas
947 780 1044 840 vitelli
1067 781 1116 839 ovi
1140 798 1213 839 oum

195 873 291 931 calore
313 871 426 947 piperis
449 873 479 929 et
502 889 570 929 cum
593 868 690 928 calore
720 869 832 928 farinae
861 869 975 928 similae
1005 872 1214 945 temperentur

196 966 315 1020 etcum
339 960 486 1020 suavitate
509 977 604 1035 aquae
627 961 846 1034 componuntur
870 977 903 1017 ac
926 977 994 1018 oum
1013 958 1097 1018 suavi
1113 959 1213 1017 calore

195 1050 332 1125 fornacis,
355 1053 391 1108 ut
413 1048 598 1123 praedictum
614 1049 665 1122 ast,
688 1050 903 1123 excoquuntur,
926 1047 1036 1106 iniuste
1054 1048 1163 1106 calidos
1180 1054 1214 1108 et

156 1139 303 1198 10ininste
339 1138 466 1215 frigidos
499 1137 651 1212 humores,
687 1136 740 1212 qui
762 1136 897 1195 nausiam
919 1136 1033 1196 homini
1066 1137 1211 1206 inferunt,

195 1231 393 1304 compescunt.
424 1225 547 1302 [Accipe
570 1244 641 1302 argo
664 1226 762 1285 kumel
777 1228 806 1284 et
821 1225 858 1284 ad
879 1226 942 1285 eius
957 1227 1078 1285 tertiam
1092 1229 1213 1302 partem

195 1319 279 1394 piper
306 1321 396 1392 atque
427 1315 583 1374 bibinellae
605 1315 691 1375 velut
721 1317 859 1390 quartam
889 1319 1003 1390 partam
1027 1312 1157 1376 humiles
1180 1319 1213 1374 et

194 1407 266 1465 haec
288 1404 439 1481 pulveriza
462 1408 492 1464 εὴ
514 1405 612 1481 accipe
635 1405 726 1464 donst
747 1403 860 1462 similae
889 1407 919 1463 et
940 1404 1095 1480 pulverem
1118 1405 1212 1463 istum

195 1495 225 1553 in
247 1494 373 1553 farinam
394 1494 470 1552 hanc
492 1494 586 1564 mitta,
600 1496 631 1551 et
653 1493 694 1552 sic
723 1511 791 1551 cum
812 1493 916 1553 vitello
949 1494 999 1552 ovi
1030 1512 1063 1552 ac
1094 1493 1212 1553 modica

156 1597 183 1640 15
196 1603 273 1660 aqua
295 1583 433 1642 tortellos
456 1583 503 1642 fac
525 1583 557 1640 in
584 1582 678 1641 calida
700 1582 817 1641 fornace
840 1583 888 1641 vel
909 1583 998 1642 bardo
1021 1587 1052 1642 et
1074 1583 1211 1642 tortellos

195 1674 266 1732 istos
289 1673 416 1748 comede,
449 1671 500 1730 sed
533 1674 563 1730 εὴ
592 1671 777 1746 praedictum
810 1671 964 1745 pulverem
991 1690 1082 1747 super
1105 1691 1213 1747 panem

195 1763 328 1838 positum
350 1761 516 1834 manduca]

263 1855 310 1913 De
343 1852 526 1912 dissinteria.
587 1848 646 1919 Qui
686 1848 883 1908 dissinteriam
916 1850 1049 1924 patitur,
1086 1868 1214 1909 ovorum

196 1940 315 2001 vitellos
338 1939 478 2017 albugine
510 1937 623 1998 abiecta
657 1938 825 2014 <accipiat>
861 1940 891 1998 et
924 1939 991 1997 illos
1023 1938 1054 1996 in
1088 1939 1215 1998 scutella

156 2039 183 2085 no
195 2029 317 2088 terendo
341 2029 448 2104 pulset.
494 2027 579 2098 Quod
603 2046 671 2086 oum
696 2027 811 2103 feeerit,
843 2027 986 2087 ciminum
1009 2031 1039 2085 et
1061 2028 1214 2087 modicum

197 2119 282 2194 piper
305 2118 414 2177 tritum
436 2118 468 2174 in
490 2119 581 2176 testas
604 2135 728 2176 ovorum
752 2120 877 2193 reponat
901 2119 931 2175 et
954 2117 991 2174 ad
1013 2117 1114 2192 ignem
1138 2120 1216 2176 asset

197 2212 227 2265 et
243 2206 364 2280 dolenti,
388 2209 547 2281 postquam
564 2206 713 2265 modicum
729 2205 897 2279 comederit,
923 2205 1215 2266 admanducandum
1242 2190 1249 2210 ⁸

197 2295 321 2358 tribuat.
359 2293 488 2354 Vitellus
516 2295 594 2354 enim
624 2295 673 2353 ovi
695 2295 789 2354 siccus
812 2298 842 2353 et
864 2295 958 2354 livore
981 2294 1148 2370 permixtus
1170 2299 1217 2354 est

197 2391 226 2444 et
250 2403 385 2462 quaeque
401 2385 483 2442 adse
499 2383 595 2442 trahit
617 2386 647 2442 et
663 2403 705 2458 ea,
722 2401 798 2459 quae
814 2384 912 2442 soluta
928 2387 1006 2458 sunt,
1030 2385 1216 2461 constringit,

156 2485 184 2530 25
197 2479 227 2533 et
249 2474 351 2549 pullus
375 2493 409 2532 ex
425 2492 459 2532 eo
479 2473 619 2547 nascitur,
643 2475 673 2531 et
688 2472 754 2531 ideo
770 2473 883 2532 solutos
898 2472 1036 2532 humores
1053 2473 1216 2547 contrahit3

198 2564 339 2622 ciminum
362 2581 481 2639 quoque
507 2561 674 2638 frigiditate
701 2580 755 2620 sna
782 2561 881 2620 soluta
908 2563 1096 2639 constringit;
1129 2562 1217 2639 piper

198 2655 298 2711 autem
331 2651 402 2711 haec
437 2652 495 2710 duo
529 2651 625 2710 calore
655 2669 708 2710 ano
740 2653 901 2725 temperat,
933 2654 969 2710 ut
998 2655 1081 2710 tanto
1104 2650 1216 2710 fortius

197 2741 313 2800 solutos
331 2740 471 2799 humores
488 2740 645 2812 contineat,
668 2743 704 2799 ut
718 2741 905 2815 praedictum
920 2739 973 2798 eatss
1004 2739 1110 2798 Sumat
1125 2741 1217 2799 etiam

198 2830 273 2890 alios
310 2829 470 2904 <vitellos>
508 2848 633 2888 ovorum
656 2833 687 2887 et
709 2829 746 2887 ad
768 2829 867 2905 ignem
888 2829 919 2886 in
942 2829 1091 2905 sartagine
1115 2830 1151 2889 ab
1175 2830 1217 2889 eia

157 2930 186 2975 30
204 2919 335 2996 sagimen
359 2919 513 2994 exprimat,
537 2920 567 2976 et
589 2937 657 2978 cum
679 2917 732 2977 illo
756 2922 786 2977 et
809 2936 876 2976 curn
899 2937 975 2994 pura
990 2918 1087 2978 farina
1102 2918 1217 2977 similae

198 3008 283 3068 factis
318 3008 445 3066 tortellis
474 3008 583 3080 <illos>
621 3010 691 3082 post
729 3007 879 3066 modicum
915 3007 1016 3066 cibum
1047 3008 1215 3082 manducet,

198 3096 277 3173 quod
301 3096 433 3173 sagimen
457 3097 630 3155 vitellorum
653 3115 721 3156 cum
744 3097 840 3156 calore
860 3100 889 3155 et
908 3096 1086 3156 fortitudine
1102 3097 1216 3156 similae

197 3189 397 3261 temperatum
420 3185 542 3244 eandem
566 3185 743 3245 solutionem
765 3185 856 3246 sedat.
890 3185 1098 3262 Quidcumque
1113 3188 1215 3245 autem

197 3276 275 3333 idem
306 3275 441 3334 infirmus
471 3275 594 3336 interim
623 3275 763 3349 comedit,
797 3275 927 3333 calidum
955 3275 1101 3351 comedat,
1134 3274 1216 3352 quod

157 3374 185 3418 35
198 3364 366 3424 stomachus
397 3368 427 3424 et
458 3363 598 3424 intestina
628 3363 692 3423 eius
724 3367 813 3439 atque
843 3364 981 3423 humores
1012 3364 1044 3422 in
1074 3364 1141 3439 ipso
1173 3365 1215 3422 in·

197 3453 333 3530 frigidati
348 3457 430 3526 aunt3
454 3457 484 3512 et
497 3473 572 3530 quae
584 3453 685 3512 mollia
700 3456 770 3512 sunt
786 3455 816 3511 et
837 3471 913 3528 quae
936 3471 1058 3512 suavem
1080 3471 1214 3528 saporem

200 3543 316 3618 babent,
339 3542 498 3602 manducet
520 3545 550 3601 et
571 3543 671 3619 pullos
700 3542 878 3619 gallinarum
911 3545 941 3600 et
970 3545 1080 3601 ceteras
1109 3542 1215 3602 molles
