2662 3932
193 200 256 260 162
579 189 825 248 amobeaams

194 380 245 450 est,
261 376 407 454 prohibet.
453 374 510 436 Sed
532 377 631 435 tamen
654 376 800 451 quaedam
823 375 955 435 membra
977 375 1158 453 dirumpunt
1184 381 1217 436 et

193 466 338 543 quaedam
361 465 452 525 etiam
474 466 558 525 velut
578 466 697 525 mortua
718 465 839 524 inutilia
861 463 984 526 faciunt.

260 556 305 616 De
342 571 500 614 ceramum
538 555 744 614 contractione.
802 553 894 630 Saepe
932 555 1088 631 contingit,
1127 556 1215 631 quod

192 647 381 722 tempestates
404 647 434 703 et
465 643 613 719 procellae
646 643 793 702 malorum
824 642 986 702 humorum
1020 643 1051 701 in
1086 643 1214 720 aliquod

167 734 359 794 emembrem
382 733 510 792 hominis
532 732 643 792 cadunt
665 736 695 792 et
716 731 759 791 ibi
782 732 895 792 insania
916 750 970 792 ana
992 735 1124 792 meatum
1139 751 1213 793 san·

194 823 293 901 guinis
316 842 460 882 venarum
482 822 546 882 eius
570 821 721 896 claudunt,
754 821 797 880 ita
824 822 906 897 qnod
933 821 986 882 ille
1008 820 1051 880 ibi
1074 822 1105 880 in
1127 823 1214 883 venis

193 912 337 971 inundare
359 930 419 971 non
441 915 547 987 potest,
580 911 658 970 unde
691 915 721 969 et
744 930 833 971 venae
856 911 926 969 illae
950 913 1094 982 arescunt,
1127 912 1212 988 quod

194 1005 295 1062 meatu
317 1000 469 1078 sanguinis
492 1004 599 1060 carent.
644 1000 683 1060 llt
709 999 752 1058 sic
778 999 867 1058 homo
896 999 948 1058 ille
976 999 1142 1060 claudicare
1164 1001 1212 1059 in·

194 1091 276 1167 cipit.
306 1091 345 1150 Et
368 1090 440 1166 quia
461 1088 550 1148 homo
567 1089 605 1149 ab
628 1088 778 1149 elementis
801 1089 898 1149 factus
921 1091 973 1160 est,
996 1089 1033 1148 ab
1056 1090 1212 1150 elementis

154 1191 182 1235 10
195 1181 285 1240 etiam
308 1181 492 1239 sustentatur
515 1181 546 1237 et
567 1179 599 1236 in
621 1178 662 1238 eis
686 1197 719 1236 ae
742 1179 873 1237 cumeis
896 1181 1096 1239 conversatur.

260 1270 308 1329 De
328 1269 469 1341 febribaa
514 1266 600 1327 Unde
631 1267 720 1326 etiam
753 1266 884 1327 diversos
914 1265 1010 1327 febres
1042 1267 1211 1328 adiversis

195 1357 390 1434 qualitatibus
420 1357 495 1416 aeria
523 1359 553 1416 et
575 1359 742 1416 ceterorum
768 1355 981 1416 elementorum
1003 1357 1033 1414 in
1057 1355 1211 1432 sehabet,

194 1447 346 1506 sciliceta
369 1445 478 1522 calore,
501 1465 518 1504 a
540 1446 652 1522 frigora
682 1447 712 1503 et
734 1445 771 1504 ab
794 1446 930 1517 humore,
963 1464 1039 1522 quae
1062 1464 1133 1504 eum
1150 1465 1211 1505 non

195 1535 327 1595 deiciunt
348 1553 400 1594 nec
423 1534 450 1593 ei
473 1534 683 1594 detrimentum
705 1534 827 1609 faciunt,
859 1535 910 1593 sed
938 1553 1014 1610 quae
1046 1535 1152 1610 potius
1183 1536 1212 1594 ei

155 1635 183 1680 15
196 1623 352 1684 sanitatem
385 1624 526 1698 inferunt,
560 1643 630 1683 cum
663 1625 693 1682 et
726 1626 830 1698 pectus
857 1627 887 1683 et
913 1623 1097 1683 stomachum
1120 1627 1212 1700 atque

196 1713 294 1773 omnia
315 1713 458 1774 interiora
480 1713 593 1773 viscera
616 1712 680 1772 eius
703 1731 757 1788 per
779 1712 916 1772 sudorem
948 1715 978 1772 et
1006 1731 1059 1790 per
1091 1714 1212 1772 urinam

195 1806 335 1880 purgant,
359 1822 427 1862 cum
450 1803 572 1862 modum
595 1821 683 1860 suum
706 1821 765 1860 nou
788 1801 946 1878 excedunt,
970 1820 1038 1861 cum
1062 1806 1094 1862 et
1116 1803 1212 1878 quali·

195 1896 241 1952 tas
264 1894 339 1952 aeris
361 1895 477 1952 rectum
500 1891 623 1951 modum
646 1891 677 1948 in
699 1891 841 1966 temperie
864 1894 971 1954 servat.
1008 1889 1119 1957 Sedet
1143 1911 1212 1951 cum

194 1981 304 2041 nimius
336 1985 366 2042 et
392 1981 584 2041 inconsuetus
615 1978 704 2039 ardor
735 1980 810 2039 aeris
845 1980 1012 2054 surrexerit,
1047 1983 1120 2041 tunc
1161 1981 1212 2039 ali-

154 2080 183 2125 ro
196 2070 315 2148 quando
339 2071 434 2130 febres
457 2071 531 2129 istae
554 2068 788 2144 supramodum
810 2069 1024 2129 inardescentes
1043 2070 1075 2128 in
1091 2074 1211 2129 acutam

195 2159 307 2219 febrem
328 2160 360 2218 in
383 2158 561 2235 quibusdam
582 2157 750 2218 hominibus
764 2161 932 2234 vertuntur,
955 2158 986 2216 in
1002 2159 1094 2218 nimio
1111 2163 1213 2218 autem

196 2249 307 2326 frigore
331 2249 406 2308 aeris
427 2248 471 2306 ita
493 2247 658 2325 frigiditate
677 2248 931 2325 constringamur,
955 2248 1035 2324 quod
1051 2248 1212 2307 tertianam

195 2337 308 2397 febrem
330 2338 473 2409 excitant;
502 2337 531 2395 in
558 2336 683 2394 humida
704 2355 774 2396 vero
801 2337 947 2418 qualitate
970 2337 1053 2412 aeris,
1082 2355 1161 2413 quae
1182 2340 1213 2395 et

197 2445 308 2504 aquosa
338 2429 368 2486 et
390 2425 503 2485 foetida
532 2429 589 2501 est,
613 2426 786 2486 multotiens
808 2426 840 2484 in
862 2429 925 2484 tam
952 2426 1077 2485 livosum
1101 2444 1210 2503 coagu-

156 2525 184 2570 25
196 2517 336 2576 lationem
359 2518 528 2591 vertuntur,
553 2514 634 2590 quod
650 2533 685 2573 ex
700 2515 753 2573 illa
768 2518 946 2592 quartanam
961 2513 1074 2574 febrem
1090 2515 1212 2592 quibus·

197 2606 265 2664 dam
287 2604 456 2664 hominibus
478 2605 618 2665 inferunt.
647 2604 788 2664 Homines
803 2608 911 2676 antem,
935 2604 988 2681 qui
1009 2621 1132 2679 corpore
1148 2605 1212 2664 sani

197 2698 276 2766 sunt,
297 2695 340 2754 ita
364 2692 444 2770 quod
466 2694 590 2753 mobiles
611 2693 758 2768 humores,
789 2694 900 2753 scilicet
932 2694 985 2770 qui
1012 2693 1067 2752 hac
1090 2696 1120 2752 et
1142 2693 1213 2752 illac

198 2783 309 2843 moveri
332 2785 464 2858 possunt,
486 2783 518 2840 in
540 2801 570 2842 se
593 2801 652 2842 nou
673 2781 796 2854 habent,
824 2783 855 2842 in
885 2783 1081 2860 intemperata
1114 2783 1210 2858 quali·

197 2876 258 2933 tate
281 2872 356 2931 aeris
379 2871 537 2948 aliquando
559 2871 760 2942 infirmantur,
792 2890 859 2932 cum
886 2875 964 2930 recte
993 2874 1160 2946 temperata
1183 2874 1213 2930 et

157 2969 185 3014 ³0
198 2961 362 3038 tranquilla
385 2960 529 3042 qualitate
553 2961 628 3020 aeris
651 2961 714 3020 sani
737 2964 814 3024 suut.
860 2960 946 3032 Quod
972 2961 998 3020 si
1020 2961 1069 3020 isti
1093 2963 1213 3019 cautem
1329 2949 1330 2963 ¹

198 3052 309 3112 febrem
333 3049 491 3126 aliquando
513 3049 680 3124 habuerint,
710 3053 782 3109 tunc
812 3051 837 3109 si
869 3049 967 3127 gratia
997 3050 1045 3109 dei
1072 3050 1212 3124 voluerit
1327 3077 1329 3136 3

197 3143 234 3200 ut
260 3139 470 3214 convalescant,
501 3140 538 3198 ad
561 3140 697 3216 quintam
719 3140 767 3199 vel
789 3139 827 3198 ad
854 3139 1009 3215 septimam
1038 3138 1116 3198 diem
1144 3157 1213 3198 cum

199 3229 301 3289 dolore
324 3228 462 3290 sudorem
490 3228 601 3288 eiciunt
630 3232 660 3288 et
690 3229 749 3288 cito
778 3229 993 3304 convalescunt,
1023 3227 1095 3305 quia
1127 3229 1213 3304 prius

199 3319 288 3378 etiam
310 3318 373 3378 sani
395 3318 427 3376 in
449 3336 572 3393 corpore
595 3318 725 3377 fuerunt.

158 3415 187 3462 as
266 3409 314 3468 De
330 3408 479 3482 paralysi.
509 3407 568 3479 Qui
589 3425 661 3467 vero
683 3405 805 3465 mobiles
827 3406 965 3466 humores
988 3407 1019 3464 in
1042 3425 1072 3465 se
1094 3405 1214 3476 babent,

199 3497 339 3558 videlicet
362 3496 444 3572 quod
463 3497 576 3555 nullam
593 3496 785 3556 stabilitatem
800 3495 986 3556 rectitudinis
1001 3513 1054 3554 nec
1068 3495 1100 3553 in
1115 3495 1214 3554 calore
1323 3546 1326 3571 ,

199 3587 305 3646 necin
327 3585 439 3662 frigore
461 3604 514 3646 nec
536 3586 567 3644 in
589 3585 767 3645 humiditate
790 3587 899 3660 tenent,
932 3584 983 3644 sed
1015 3584 1068 3660 qui
1100 3583 1156 3643 hac
1184 3587 1215 3642 et
