2680 3938
414 163 557 220 CAUSAE
575 163 622 220 ΕΤ
641 165 763 222 CURAE
782 166 850 222 LIB.
869 168 891 222 Ι.
1124 173 1164 233 11

143 350 264 426 periore
287 352 317 408 et
340 349 481 409 inferiora
503 349 635 425 corporis
658 351 807 423 continet,
839 352 883 411 ite
910 353 1000 412 etiem
1028 355 1058 412 et
1085 355 1165 412 terre

143 439 233 516 equis
254 439 321 514 illie,
344 457 421 515 quae
436 457 524 516 super
545 457 610 498 eam
624 439 731 512 fluunt,
755 443 849 502 estut
872 442 961 515 eride,
986 442 1071 517 cquis
1085 460 1164 517 vero,

142 547 221 605 quse
244 528 297 587 sub
322 547 357 587 ee
379 530 456 606 sunt,
486 532 529 588 est
553 527 749 604 obstaculum,
776 549 813 588 ne
836 531 1019 591 contrarium
1042 531 1165 590 modum

143 622 311 693 erumpunt.

211 707 257 767 Dc
283 707 423 779 Iaecifcri
454 723 527 767 cccc
559 711 586 766 et
609 707 793 778 firmamenti
824 708 980 770 creatione.
1029 708 1191 784 Abyssuss

144 799 245 855 sutem
269 800 315 855 est
328 795 413 856 velut
427 796 516 872 pedes
539 798 570 854 ct
591 799 628 855 nt
642 797 772 857 incessus
787 797 923 856 bominis.
970 795 1046 856 (ium
1068 798 1164 875 igitur

144 885 281 944 diabolus
304 885 340 944 de
364 885 443 944 coelo
467 885 588 961 corruit,
617 885 670 960 qui
693 885 792 945 sedere
815 890 845 945 et
867 904 991 963 regnare
1014 886 1112 946 voluit
1134 891 1164 948 et

145 975 199 1050 qni
221 974 335 1033 nullum
359 976 524 1033 creaturam
547 993 644 1034 creare
668 978 698 1034 ct
720 975 815 1036 fecere
838 975 947 1051 potuit,
970 975 1043 1034 deus
1066 975 1162 1035 firme·

142 1066 278 1123 mentum
301 1064 406 1124 stetim
427 1063 508 1138 fecit,
542 1067 578 1122 ut
600 1063 651 1122 ille
672 1063 788 1124 ‘videret
815 1067 845 1124 et
867 1064 1055 1142 intelligeret,
1087 1083 1164 1141 quse

143 1155 175 1212 et
196 1155 309 1228 quante
332 1152 403 1212 deus
430 1153 527 1212 fecere
558 1155 590 1212 et
619 1169 717 1212 creare
744 1157 853 1229 posset.
898 1153 982 1212 Tunc
1010 1153 1204 1213 etiamen-10

143 1243 213 1314 lem,
237 1241 339 1300 lunam
361 1243 391 1300 et
413 1241 513 1301 stellas
535 1242 568 1300 in
590 1241 810 1302 firmamentum
834 1243 943 1319 posuit,
966 1245 1002 1302 ut
1025 1242 1162 1302 diabolus

137 1331 173 1388 in
197 1331 238 1390 eis
261 1330 377 1391 videret
400 1332 431 1389 et
453 1334 648 1408 cognosceret,
677 1335 823 1406 quantum
851 1332 986 1392 decorem
1010 1333 1040 1391 et
1063 1333 1162 1407 splen-

142 1421 246 1479 dorem
270 1419 455 1496 perdidisset.

210 1509 256 1568 De
278 1509 380 1572 stellis.
424 1508 533 1568 Stellae
555 1527 683 1585 numque
710 1528 770 1568 non
798 1511 868 1569 sunt
897 1509 1028 1586 aequalis
1050 1510 1162 1587 magni·

141 1596 256 1657 tudinis
279 1616 332 1657 uec
355 1598 486 1673 aequalis
503 1597 675 1674 splendoris,
700 1598 751 1658 sed
767 1599 913 1674 quaedem
936 1601 1006 1658 sunt
1028 1599 1204 1670 maiores,15
1323 1677 1324 1680 Ἴ

143 1687 290 1763 quaedem
319 1687 455 1762 minores
493 1687 639 1763 quaedam
669 1688 790 1747 maioris
812 1687 985 1764 splendoris,
1018 1688 1163 1763 quaedam

142 1776 274 1836 minoris.
318 1777 555 1836 Firmamentum
575 1780 676 1836 cutem
700 1777 801 1836 ceole
824 1778 961 1853 superius
984 1777 1162 1849 continetur,

143 1884 180 1923 ue
216 1882 307 1942 supra
342 1866 464 1925 modum
496 1883 615 1925 sursum
650 1866 794 1941 ascendat,
826 1870 857 1925 et
889 1864 994 1926 subtus
1026 1866 1062 1925 ab
1095 1885 1162 1924 aere

141 1958 250 2030 terrae,
282 1955 335 2032 qni
367 1960 479 2014 terrum
509 1956 539 2013 et
570 1954 663 2014 nubes
686 1955 826 2030 continet,
856 1973 893 2013 ne
922 1954 1045 2012 modum
1074 1972 1163 2013 suum

143 2044 250 2104 subtus
284 2042 416 2108 excedat.
459 2044 500 2103 Et
533 2044 577 2103 ite
612 2062 702 2120 supra
736 2047 766 2103 et
797 2044 875 2102 infru
909 2043 1093 2119 continetur,
1127 2048 1163 2103 ut
1176 2054 1204 2100 no

143 2137 367 2210 praeostensum
401 2137 458 2210 est,
493 2135 529 2192 ut
561 2137 657 2194 rectos
690 2133 795 2192 modos
829 2151 898 2192 suos
933 2131 1070 2192 excedere
1098 2151 1163 2191 non

143 2222 246 2298 possit.

210 2312 256 2371 Dc
278 2311 432 2370 duodecim
458 2312 556 2386 sionis
583 2315 610 2371 et
634 2312 777 2390 planetis.
824 2310 882 2370 Sed
909 2311 986 2370 sicut
1009 2330 1026 2368 a
1048 2314 1161 2387 septem

143 2401 272 2475 planetis
298 2401 331 2457 in
358 2417 448 2460 cursu
475 2418 530 2460 suo
558 2400 692 2475 ducitur,
723 2400 765 2460 sic
797 2404 827 2460 et
855 2400 914 2476 ipsi
944 2401 975 2458 in
1007 2400 1162 2459 duodecim

144 2489 237 2566 signis
260 2488 345 2565 qussi
367 2488 546 2548 famulatum
569 2490 596 2548 ei
619 2487 759 2548 exhibent
779 2492 808 2548 et
823 2489 965 2550 serviunt.
999 2486 1076 2546 Nem
1091 2507 1160 2548 cum
1173 2499 1202 2544 25

143 2578 190 2638 sol
216 2577 254 2637 ed
282 2578 400 2656 signum
430 2579 595 2655 capricorni
623 2578 804 2655 pervenerit,
834 2577 894 2637 duc
926 2579 1075 2654 planetae,
1108 2579 1161 2653 qui

144 2687 214 2726 eum
236 2667 274 2726 ud
297 2668 417 2744 signum
439 2667 589 2745 sagittarii
612 2667 747 2727 comitati
763 2671 855 2743 erunt,
878 2667 936 2742 ipsi
952 2667 1037 2742 qussi
1052 2668 1161 2726 nutum

125 2757 272 2836 ,fuciunt
304 2759 340 2815 ut
361 2775 480 2816 sursum
503 2757 540 2815 ed
563 2756 695 2832 priorem
718 2774 839 2815 cursum
867 2775 956 2816 suum
982 2755 1096 2831 redeat,
1130 2761 1162 2817 et

145 2865 213 2905 eum
243 2847 281 2905 ed
313 2846 443 2923 priorem
471 2864 622 2906 ascensum
650 2845 853 2906 exhortentur.
898 2845 938 2904 Et
960 2844 1016 2905 hoc
1039 2845 1160 2922 signum

144 2935 309 3011 cepricomi
339 2935 462 3010 dicitur,
498 2936 551 3012 qui
583 2935 671 2994 ctiam
707 2952 825 2994 sursum
856 2935 1009 2993 escendere
1041 2935 1157 2999 nititur,
1172 2945 1202 2990 30

144 3023 224 3083 Heec
250 3023 329 3083 enim
356 3023 512 3083 duodecim
539 3024 624 3102 signe
651 3023 725 3082 nihil
748 3024 830 3083 aliud
851 3024 883 3082 in
905 3023 1075 3083 nominibus
1098 3026 1159 3083 suis

143 3117 226 3187 sunt,
250 3113 307 3172 nisi
330 3114 412 3188 quod
434 3113 543 3188 reliqui
567 3114 697 3189 quinque
721 3114 856 3189 planetus
876 3112 1039 3172 secundum
1061 3113 1159 3172 officis

144 3220 197 3261 suc
226 3203 319 3261 solem
349 3206 402 3261 eut
432 3202 464 3262 in
493 3203 602 3262 aestate
632 3221 752 3262 sursum
783 3202 964 3262 ascendendo
998 3201 1159 3278 impellunt

144 3296 197 3351 cut
219 3292 250 3350 in
272 3291 368 3350 hieme
395 3291 534 3350 deorsum
562 3291 760 3352 descendendo
784 3292 952 3367 suscipiunt
974 3292 1004 3350 et
1027 3291 1107 3366 quod
1131 3293 1158 3350 ei

144 3381 201 3440 hcc
223 3381 311 3440 modo
339 3371 481 3446 serviunt.
526 3379 584 3440 Sed
611 3399 679 3440 cum
706 3380 752 3440 sol
779 3381 816 3439 sd
844 3381 964 3457 signum
991 3381 1155 3455 capricorni
1172 3391 1201 3436 35

144 3470 326 3546 pervenerit,
357 3469 466 3545 reliqui
493 3472 554 3529 tres
581 3471 718 3546 planetae
746 3469 800 3529 sub
830 3488 864 3528 co
889 3470 1013 3528 currunt
1037 3473 1158 3528 etcum

143 3559 289 3634 paulatim
311 3577 429 3618 sursum
452 3559 612 3635 impellunt
633 3577 730 3639 usqne
753 3558 791 3618 ad
806 3558 924 3634 signum
940 3557 1062 3632 equcrii.
1099 3556 1157 3627 Qui
