2668 3924
342 159 483 216 OAUSAE
500 158 547 214 ET
566 159 687 214 OURAE
705 160 772 214 LIB.
791 160 839 214 IV.
1041 167 1103 225 215

86 346 198 404 minem
212 344 360 416 invaserit,
376 343 433 402 hoc
448 343 613 402 remedium
627 345 726 420 faciat,
749 348 785 404 ut
801 345 904 403 deinde
920 345 1106 422 aliquantum

86 435 182 494 lanius
205 433 312 492 habeat
335 436 365 491 et
387 437 423 492 ut
445 433 631 508 aliquantum
653 453 750 510 usquc
773 435 810 492 ad
832 435 970 493 sudorem
985 434 1106 495 suavius

87 525 195 584 dolcat.
245 521 383 597 Accipiat
415 541 485 598 argo
518 523 667 582 modicum
697 523 731 581 de
754 523 831 583 sicco
853 523 934 599 ligno
957 525 1053 583 obora
1076 527 1106 583 et

86 612 133 673 bis
155 615 275 671 tantum
299 611 334 670 de
357 612 433 670 sicca
455 611 543 670 salice
566 615 597 670 et
615 631 674 670 non
691 612 790 687 viridi,
814 615 904 688 atque
919 613 949 671 in
965 613 1103 690 frigidam

89 721 198 778 aquam
234 701 320 777 quasi
350 699 484 776 scalpens
515 701 666 760 modicum
689 701 725 760 de
748 699 794 760 his
817 700 941 760 abradat
964 705 993 761 et
1016 702 1133 761 etiams

86 793 207 849 tantum
230 789 417 866 agrimoniae,
440 792 477 848 ut
498 789 594 850 salicis
619 793 670 865 est,
694 791 819 865 accipiat
843 793 873 848 et
895 791 991 850 eidem
1013 811 1106 867 aquae

86 881 221 955 imponat
244 881 274 937 et
297 898 362 937 eam
384 879 440 938 hoc
463 877 549 936 modo
574 880 737 938 confectam
759 881 931 956 frequenter
954 880 1045 956 bibat,
1076 883 1106 938 ot

86 969 184 1028 lenius
207 967 326 1031 dolebit.
364 966 440 1026 Nam
463 967 539 1027 sicca
561 969 657 1028 obora
680 972 711 1027 et
733 969 809 1028 sicca
831 969 904 1027 salix
927 987 988 1028 esse
1010 968 1105 1045 debet,

88 1077 125 1116 ne
148 1075 247 1116 recens
270 1075 376 1116 succus
400 1057 560 1115 eorundem
583 1057 735 1135 lignorum
751 1058 898 1116 dolentem
918 1059 986 1133 plus
1008 1057 1106 1116 laedat

89 1167 179 1223 quam
210 1145 374 1205 remedium
405 1145 515 1216 afferat,
548 1149 578 1204 et
606 1147 710 1206 lenitas
739 1147 820 1206 succi
841 1147 937 1206 ahora
960 1147 1103 1206 amaritu-
1119 1160 1146 1202 rc

88 1236 187 1295 dinem
210 1235 289 1294 succi
312 1235 407 1294 salicis
435 1239 590 1309 temperat.
635 1235 742 1312 Itaque
775 1237 923 1313 frigiditas
954 1237 1105 1314 lignorum

89 1327 217 1384 istorum
239 1324 350 1382 iniusto
374 1324 464 1382 calori
486 1327 590 1384 acutae
613 1325 705 1385 febris
727 1325 784 1384 hoc
805 1326 894 1384 modo
926 1327 1044 1401 resistit,
1075 1330 1105 1384 et

90 1415 189 1473 suavis
224 1414 304 1471 calor
338 1414 517 1489 agrimoniae
551 1413 677 1472 eundem
713 1415 839 1474 calorem
875 1418 978 1474 acutae
1016 1415 1105 1474 febris

88 1504 205 1574 retinet,
229 1521 265 1561 ne
288 1505 504 1578 augmentatur,
530 1506 560 1561 at
587 1502 697 1562 hocin
728 1503 839 1580 frigida
870 1523 948 1580 aqua
977 1505 1043 1575 erit,
1076 1510 1106 1563 et

88 1611 147 1651 non
169 1593 201 1650 in
225 1591 364 1650 calefacta
392 1610 445 1650 nec
472 1592 503 1650 in
525 1593 604 1666 vinc,
633 1612 670 1651 ne
698 1597 751 1652 aut
779 1592 921 1652 calefacta
948 1613 1026 1669 aqua
1053 1598 1105 1652 aut
1119 1602 1146 1646 15

88 1682 184 1741 calore
214 1681 276 1740 vini
299 1681 379 1740 calor
402 1685 506 1740 acutae
528 1681 619 1740 febris
641 1681 672 1740 iu
695 1682 828 1741 furorem
849 1685 994 1741 vertatur.
1040 1682 1106 1742 Hoc

91 1773 190 1828 autem
222 1769 386 1828 remedium
418 1769 496 1828 idem
528 1769 616 1829 homo
647 1770 737 1828 faciet
760 1791 777 1827 a
798 1770 895 1845 prima
917 1770 990 1830 hora
1011 1790 1064 1830 seu
1088 1791 1105 1830 a

89 1859 187 1934 prima
210 1859 258 1917 die
281 1859 451 1918 accessionis
474 1859 565 1920 febris
580 1859 670 1917 huius
693 1877 787 1935 usque
802 1858 840 1917 ad
855 1860 993 1918 sudorem
1008 1879 1105 1922 suurn.

90 1947 176 2017 Quos
200 1948 225 2006 si
244 1948 409 2007 remedium
431 1948 521 2024 istud,
545 1967 640 2024 usquc
662 1948 736 2006 dum
758 1947 849 2006 febris
871 1948 943 2008 haec
965 1949 1105 2008 roborata

90 2037 189 2112 fuerit,
213 2037 365 2096 distulerit
386 2037 434 2096 val
456 2056 548 2113 propa
568 2037 657 2096 finem
677 2038 749 2109 eius,
772 2036 885 2096 scilicet
907 2039 944 2096 ad
968 2038 1104 2114 quintam
1117 2043 1146 2090 2⁰

89 2127 136 2184 vel
158 2126 196 2185 ad
219 2128 332 2185 sextam
354 2125 440 2198 diem,
465 2145 533 2185 cnm
547 2127 607 2184 iam
622 2126 702 2184 idem
718 2126 805 2185 homo
822 2130 876 2184 aut
890 2128 950 2186 cito
966 2127 1104 2186 sudorem

90 2215 127 2273 ad
149 2216 304 2274 sanitatem
323 2215 441 2276 emittet
455 2218 508 2274 aut
523 2216 582 2274 cito
598 2216 692 2274 vitam
706 2217 822 2291 perdet:
845 2219 917 2275 tunc
936 2216 1105 2292 praedictus

90 2307 179 2379 potus
202 2305 239 2363 ad
262 2305 427 2362 remedium
448 2322 509 2363 non
528 2304 659 2363 multum
680 2305 826 2380 proderit,
851 2305 990 2381 quoniam
1017 2325 1105 2382 aeger

91 2393 141 2452 ille
164 2395 218 2452 aut
241 2393 328 2452 citius
351 2394 508 2452 sanitatem
530 2393 654 2469 recipiet
677 2396 730 2453 aut
752 2397 877 2453 mortem
901 2394 1022 2456 subibit.

155 2484 202 2542 Dc
224 2479 388 2543 cotidiana.
438 2476 528 2564 1)Qui
551 2482 729 2541 cotidianam
751 2483 861 2542 febrem
885 2483 1013 2559 patitur,
1040 2484 1144 2543 docile

93 2571 216 2647 accipiat
238 2577 269 2630 et
290 2573 455 2648 gamforam
478 2575 509 2631 ct
531 2571 680 2630 dornellae
695 2573 764 2647 plus
780 2591 870 2647 quam
884 2573 1010 2631 istorum
1029 2573 1101 2632 duc·

91 2679 157 2718 rum
179 2660 226 2735 sit,
250 2659 372 2720 ethaeo
394 2661 559 2737 pulverizet
581 2664 670 2736 atqua
693 2662 845 2737 pulverem
868 2661 960 2720 istum
986 2662 1017 2720 in
1039 2661 1104 2736 ipsa

93 2749 252 2809 accessione
283 2749 372 2808 febris
404 2749 499 2809 calido
530 2750 599 2809 vino
630 2750 775 2809 immittat
806 2753 836 2808 et
859 2750 900 2808 sic
922 2750 999 2808 illud
1020 2750 1104 2809 bibat

91 2842 178 2915 atque
201 2838 365 2898 inlectam
389 2857 419 2898 se
442 2839 567 2898 collocet
589 2843 620 2898 et
643 2839 779 2898 dormiat.
824 2837 911 2898 (lalor
940 2839 1018 2898 enim
1040 2841 1105 2899 dost

19 2947 21 2992 l
90 2931 120 2985 et
141 2927 292 3004 gamforae
316 2946 383 2986 cum
406 2928 572 3004 frigiditate
595 2927 745 2987 dornellae
768 2928 925 3004 temperati
949 2929 1024 2988 etin
1039 2930 1144 3004 ipsas>

19 3045 20 3074 a
91 3016 251 3076 accessione
274 3016 364 3076 febris
386 3017 484 3092 huius,
508 3017 648 3093 quatinus
671 3020 756 3076 tanto
776 3017 865 3077 citius
886 3017 1012 3090 sedetur,
1035 3038 1103 3079 cum

19 3145 20 3170 2
91 3104 184 3165 calido
207 3106 276 3166 vino
299 3107 412 3182 sumpti
434 3107 616 3180 praedictam
639 3106 752 3165 febrem
775 3106 889 3184 fugant.

154 3195 204 3254 Ad
226 3195 395 3257 tertianam.
434 3187 575 3274 2)Ηοιιιο,
599 3213 687 3271 quem
709 3195 800 3254 febris
823 3197 949 3256 secunda
971 3196 1018 3255 dia
1033 3196 1100 3256 fati-

91 3287 153 3359 gat,
191 3283 380 3343 millefolium
411 3284 535 3360 accipiat
573 3287 647 3356 <ac>
677 3284 723 3344 bis
755 3287 871 3343 tantum
899 3285 1043 3360 polipodii
1073 3289 1103 3345 et

161 3492 182 3564 ¹)
206 3511 232 3548 v.
250 3492 357 3547 25=29
380 3513 411 3542 =
434 3491 531 3561 Migne
555 3492 624 3546 1175
647 3493 680 3546 A.
703 3521 738 3531 -
762 3491 785 3561 ²)
807 3509 833 3545 v.
851 3491 950 3560 ss-p.
972 3491 1045 3557 216,a
1070 3513 1099 3539 =

95 3563 187 3636 Mignc
208 3564 276 3619 1175
294 3563 327 3618 D.
