2668 3924
171 171 238 230 204
562 159 809 216 HILDEGARDIS

170 367 227 408 nus
255 348 460 424 mollificetur,
488 350 525 406 ut
546 366 600 423 per
623 365 653 406 se
676 349 847 422 rumpatur,
876 344 1016 421 quoniam
1038 345 1193 422 frigiditas

171 445 201 498 et
224 455 330 496 succus
352 437 538 497 vehedistelcs
560 431 726 510 periculosa
748 454 807 494 non
830 439 908 510 sunt,
930 433 982 493 sed
1004 453 1072 493 eum
1090 436 1192 496 calore

171 527 286 586 similae
311 525 454 586 duritiam
477 526 558 584 illam
587 525 708 584 mollem
730 524 869 584 reddunt.
915 522 1002 593 Quod
1029 524 1054 582 si
1081 543 1136 598 per
1158 544 1191 585 se

171 619 263 692 rupta
298 634 355 675 non
391 615 497 690 fuerit,
533 634 601 675 cum
635 614 718 673 arida
751 615 781 672 et
812 613 911 691 lignea
938 612 1023 688 spina
1050 631 1104 672 sou
1131 615 1194 673 alia

143 705 255 764 satida
279 705 377 764 astula
400 705 562 780 dirumpat,
585 721 644 762 non
668 705 768 762 autem
790 703 853 762 ullo
876 702 973 779 ignito
1001 702 1049 762 vel
1077 703 1191 780 frigido

172 796 251 853 ferro
284 797 338 852 aut
369 813 432 864 acu,
467 794 608 870 quoniam
630 791 753 867 pustula
776 796 807 852 et
828 794 930 851 tumor
960 791 1012 849 ille
1034 792 1194 851 materiam

172 885 290 960 igneam
320 887 350 942 et
383 883 525 960 frigidam
559 882 791 956 exhorresceret,
830 881 874 939 ita
906 881 986 956 quod
1022 881 1193 956 periculum

174 972 259 1032 facile
291 973 532 1048 subsequeretur.
577 970 634 1030 Sed
668 970 789 1028 interim
817 970 889 1029 dum
920 969 1008 1028 homo
1040 974 1192 1030 tumorem

172 1062 313 1139 pustulae
340 1062 430 1120 huius
458 1061 581 1137 patitur,
611 1059 647 1118 ab
677 1060 746 1136 igne
769 1063 799 1118 et
823 1079 840 1118 a
862 1059 975 1136 frigore
997 1063 1028 1119 et
1055 1079 1072 1118 a
1099 1065 1191 1120 vento

133 1161 160 1206 ιο
174 1155 204 1210 et
238 1151 274 1210 ab
305 1150 427 1209 humido
461 1168 526 1209 aere
549 1167 579 1208 se
608 1148 732 1220 muniat,
765 1151 855 1225 atque
878 1149 915 1207 ab
939 1149 1020 1207 omni
1042 1149 1137 1208 calido
1161 1153 1194 1208 et

173 1249 237 1300 asso
261 1242 291 1299 et
313 1258 415 1317 grosso
439 1239 505 1298 cibo
529 1240 559 1297 et
581 1257 599 1295 a
620 1238 690 1298 vino
713 1256 744 1296 se
772 1238 919 1298 abstineat
941 1240 972 1296 et
994 1238 1086 1297 cruda
1110 1238 1193 1298 olera

175 1335 204 1389 et
226 1329 319 1389 cruda
341 1347 431 1404 poma
454 1327 574 1401 devitet,
598 1327 680 1402 quod
703 1326 801 1386 omnia
823 1327 927 1386 noxios
950 1326 1091 1386 humores
1107 1327 1138 1385 in
1155 1347 1191 1386 eo

175 1419 319 1494 augerent
350 1420 380 1476 et
413 1416 617 1492 accenderent,
656 1415 707 1474 aed
744 1415 931 1476 solummodo
965 1415 1126 1490 pulchrum
1161 1420 1193 1476 ot

174 1507 328 1566 triticeum
349 1526 455 1581 panem
477 1505 508 1564 in
532 1524 609 1581 aqua
632 1505 765 1564 comedat
792 1509 823 1563 et
852 1524 961 1580 aquam
992 1505 1083 1582 bibat,
1115 1525 1189 1582 quo-

135 1609 162 1652 15
175 1597 256 1655 niam
278 1595 330 1654 illo
352 1598 486 1671 tempore
509 1594 604 1654 eidem
626 1595 739 1654 homini
760 1597 884 1670 propter
916 1595 1095 1654 suavitatem
1126 1595 1192 1655 eius

176 1685 377 1762 periculosum
409 1702 468 1743 non
499 1686 552 1745 est.
598 1682 684 1753 Quod
707 1684 733 1742 si
755 1684 834 1742 idem
857 1683 946 1743 homo
969 1683 1112 1743 delicatus
1136 1688 1191 1759 est,

177 1793 245 1832 cum
266 1793 344 1849 puro
373 1774 477 1834 vitello
501 1773 550 1833 ovi
576 1773 741 1849 simplicem
771 1772 993 1832 sobriunculam
1026 1772 1062 1832 de
1093 1773 1192 1832 farina

177 1863 291 1922 similae
313 1863 423 1939 absque
446 1863 589 1938 sagimine
612 1865 642 1921 et
664 1862 774 1938 absque
797 1881 881 1921 caseo
904 1861 995 1921 faciat
1017 1865 1048 1920 et
1070 1861 1190 1940 infrigi-

177 1953 277 2012 datam
304 1952 470 2012 manducet.
517 1951 597 2009 Haec
627 1954 729 2010 autem
750 1955 813 2010 tam
848 1951 900 2010 diu
934 1951 1080 2026 observet,
1116 1950 1191 2010 dum

136 2053 164 2097 20
178 2041 310 2100 dolorem
331 2043 419 2100 illum
442 2041 614 2116 mitigatum
637 2058 761 2099 cessasse
783 2039 901 2100 viderit.
946 2040 1059 2099 Vinum
1089 2042 1191 2100 autem

176 2131 297 2189 interim
318 2130 436 2205 vitabit,
460 2129 602 2206 quoniam
624 2147 712 2189 venas
736 2129 799 2188 eius
821 2128 960 2205 impleret
983 2132 1013 2188 et
1027 2129 1072 2188 ita
1085 2132 1188 2188 tumo-

177 2238 239 2277 rem
261 2219 348 2276 illum
372 2219 565 2278 intumescere
588 2218 706 2279 faceret.
751 2217 868 2278 Oalidos
891 2236 1012 2294 quoque
1035 2218 1115 2278 cibos
1130 2238 1193 2277 non

177 2307 319 2376 comedat,
353 2307 433 2383 quod
465 2307 511 2365 illi
539 2307 634 2368 calore
658 2325 712 2366 suo
734 2307 872 2366 humores
903 2309 1127 2382 commoverent,
1160 2313 1193 2368 et

177 2398 220 2456 ita
243 2400 345 2455 tumor
367 2397 419 2454 ille
443 2398 695 2473 augmentaretur.

136 2496 164 2542 aa
247 2480 270 2564 1)
279 2486 391 2546 Contra
413 2503 556 2545 caucam
577 2490 605 2545 ct
626 2486 667 2544 ud
689 2485 834 2564 quaelibet
848 2486 949 2544 ulcero
961 2489 987 2544 ct
1001 2488 1043 2546 ad
1057 2485 1189 2544 dolorem

177 2577 293 2649 capitis.
340 2575 450 2651 Accipe
473 2574 567 2634 violas
590 2578 620 2633 et
642 2592 762 2634 succum
785 2593 888 2633 aarum
910 2573 1041 2649 exprime
1064 2593 1189 2634 acaum

176 2684 230 2740 per
265 2684 396 2740 pannum
434 2664 498 2724 cola
537 2666 567 2722 et
602 2663 639 2722 ad
677 2663 797 2722 tertiam
835 2666 952 2739 partem
985 2663 1066 2722 succi
1097 2663 1193 2724 huius

177 2754 277 2812 oleum
299 2754 394 2813 olivae
417 2770 508 2829 pensa
530 2756 561 2813 et
583 2751 686 2812 deinde
709 2752 746 2811 ed
769 2753 967 2829 quantitatem
989 2753 1070 2813 succi
1091 2753 1192 2812 violae

110 2903 115 2914 ,
176 2842 324 2901 hircinum
350 2861 454 2917 sepum
481 2842 613 2917 pondera
641 2844 671 2900 et
697 2843 768 2902 haec
790 2842 879 2900 simul
907 2842 939 2900 in
961 2841 1021 2901 olla
1041 2860 1119 2901 nova
1140 2841 1192 2902 fac

136 2940 164 2987 ao
177 2933 298 3007 fervere,
322 2935 352 2991 et
375 2931 416 2990 sic
438 2935 627 3008 unguentum
640 2931 683 2994 fit.
728 2931 811 2991 Tunc
833 2931 934 2990 locum
961 2931 1106 3008 corporis,
1134 2930 1190 2990 ubi

177 3039 280 3081 cancer
311 3024 364 3079 aut
395 3021 446 3079 alii
472 3040 587 3080 vermes
615 3020 765 3082 bominem
791 3020 962 3095 comedunt,
994 3021 1190 3096 circumunge

178 3114 207 3169 et
229 3110 320 3170 etiam
342 3110 468 3187 desuper
490 3130 583 3188 unge;
607 3114 636 3170 et
658 3109 831 3185 morientur,
855 3128 924 3168 cum
939 3109 975 3168 de
991 3128 1025 3168 eo
1047 3113 1187 3187 gustave-

177 3201 249 3260 rint.
294 3198 350 3258 Sed
373 3200 484 3259 atalia
510 3201 619 3276 ulcera,
642 3200 694 3259 ubi
709 3199 797 3257 homo
814 3199 902 3274 dolet,
925 3217 995 3258 cum
1008 3199 1073 3274 ipso
1088 3218 1188 3275 ungu·

177 3292 246 3348 ento
257 3307 398 3366 perunge,
411 3291 442 3348 et
452 3289 477 3348 si
489 3289 556 3365 quis
568 3291 599 3349 in
614 3288 710 3366 capite
722 3287 811 3361 dolet,
823 3288 954 3347 frontem
965 3289 1029 3348 eius
1043 3289 1074 3346 in
1084 3292 1181 3347 trans-

137 3388 164 3433 35
178 3396 297 3439 versum
320 3397 388 3438 cum
411 3397 445 3437 eo
469 3397 558 3455 unge.

250 3568 272 3639 1)
290 3588 314 3623 v.
333 3569 439 3624 es-ea
462 3594 494 3613 =
513 3563 609 3641 urguo
629 3567 750 3624 11701).
