2680 3938
215 165 235 224 4
484 211 499 222 „
591 156 837 214 HILDEGARDIS

281 343 326 403 De
345 343 474 418 1019010.
518 342 559 401 111
584 342 698 402 modice
730 341 957 424 submurmurat
990 344 1020 401 et
1052 343 1095 403 sic
1129 348 1238 418 cessat,
1325 339 1326 368 ¹

213 432 297 492 velut
319 431 421 508 homo,
453 431 507 508 qui
536 431 687 490 interdum
716 431 747 489 in
776 431 853 490 uam
876 435 977 491 motus
1004 450 1070 492 eam
1097 433 1135 492 ad
1163 452 1234 509 per·

213 522 326 582 fectum
347 540 407 580 non
429 521 513 581 ducit
535 520 586 580 sed
609 519 829 596 comprimendo
852 520 1021 596 compescit.
1059 521 1235 598 Aliquando

215 613 315 670 autem
342 609 378 669 de
406 610 497 669 nimio
526 609 630 669 ardore
661 609 730 670 solis
761 609 839 688 ignis
866 609 996 669 tonitrui
1029 614 1236 671 commovetur

187 703 245 758 set
274 699 306 758 in
335 718 472 777 magnam
503 698 730 758 commotionem
762 699 897 775 ducitur,
934 699 979 759 ita
1010 700 1046 757 ut
1077 699 1168 759 fortia
1202 703 1235 761 et

213 787 379 864 periculosa
401 789 526 866 fulgura
547 788 666 847 emittat
688 790 719 847 et
741 806 843 847 rocem
867 806 952 846 suam
974 787 1093 848 fortiter
1110 789 1232 863 exaltet,

213 878 298 937 velut
323 878 424 950 homo,
452 878 505 954 qui
533 877 652 936 fortiter
679 877 710 934 in
737 877 814 935 iram
841 880 940 936 motus
967 896 1031 936 eam
1059 877 1232 953 periculoso

214 985 303 1042 opere
329 967 456 1042 perficit.
507 965 547 1024 111
576 969 649 1026 tunc
679 966 770 1025 etiam
799 966 951 1025 interdum
982 966 1119 1042 superior
1149 967 1233 1045 ignis

212 1056 340 1115 tonitrui
363 1057 400 1115 ab
422 1057 492 1132 igne
515 1055 586 1115 solis
608 1056 705 1115 tactus
728 1055 832 1132 frigus,
856 1055 938 1132 quod
960 1055 991 1113 in
1014 1055 1149 1116 tonitruo
1173 1061 1226 1134 est,

173 1153 201 1198 10
213 1145 245 1204 in
277 1164 372 1204 unum
405 1145 506 1204 locum
540 1144 701 1204 coadunari
738 1144 822 1216 facit,
862 1143 1113 1220 quemadmodum
1148 1165 1227 1222 aqua

213 1235 340 1311 glaciem
361 1234 393 1291 in
414 1253 509 1292 unum
532 1233 633 1293 locum
656 1236 825 1311 congregat,
853 1235 883 1292 et
910 1232 1007 1311 frigus
1033 1233 1111 1293 illud
1141 1254 1228 1313 gran·

213 1324 312 1382 dinem
340 1322 377 1381 ad
404 1323 497 1382 nubes
525 1322 616 1399 duait,
644 1325 676 1382 et
701 1321 794 1382 nubes
827 1341 891 1381 eam
917 1322 1083 1399 suscipiunt
1111 1326 1141 1382 et
1168 1323 1228 1384 dis·

211 1415 343 1489 pergrmt
364 1414 394 1470 et
416 1411 454 1470 ad
476 1413 587 1470 terram
610 1412 759 1472 emittunt.

278 1501 324 1560 De
343 1501 503 1575 arcadiae.
547 1499 623 1560 Nam
645 1501 758 1579 grando
782 1503 826 1559 est
848 1501 932 1562 velut
959 1501 1067 1561 oculus
1089 1501 1229 1566 tonitrui.

172 1595 198 1641 15
211 1589 269 1648 Sed
291 1609 359 1650 cum
389 1588 434 1650 sol
460 1590 492 1648 in
519 1589 660 1650 descensu
687 1590 718 1648 in
745 1589 841 1648 hieme
870 1593 922 1666 est,
951 1590 1051 1667 ignem
1078 1607 1166 1649 suum
1191 1591 1230 1650 ad

212 1679 401 1738 altitudinem
423 1679 498 1738 caeli
519 1697 579 1738 non
602 1678 780 1739 transmittit
802 1681 832 1739 et
846 1679 942 1756 magis
965 1680 1024 1739 sub
1040 1682 1121 1738 terra
1137 1699 1230 1756 quam

212 1785 303 1844 supra
324 1771 436 1828 terram
459 1768 545 1828 ardet
568 1772 598 1829 01
620 1771 692 1828 tunc
714 1769 746 1826 in
768 1769 928 1828 altitudine
950 1769 1023 1828 caeli
1047 1788 1106 1828 non
1121 1769 1229 1829 fervet.

277 1858 322 1917 De
353 1857 429 1920 0100.
479 1856 564 1916 Unde
595 1877 701 1934 aquae,
740 1875 815 1934 quae
844 1857 877 1916 in
906 1858 1111 1935 superioribus
1148 1862 1228 1935 sunt,

211 1947 295 2005 velut
317 1947 440 2023 pulvere
463 1965 596 2023 aspersae
619 1945 655 2006 de
677 1947 791 2023 frigore
814 1945 892 2006 fiunt
914 1951 944 2008 et
964 1948 1061 2007 nivem
1077 1947 1230 2011 emittunt.

170 2043 199 2088 ²⁰
278 2036 326 2095 De
355 2037 470 2110 pluvio.
519 2035 577 2096 Sed
605 2055 673 2096 cum
699 2038 803 2111 postea
829 2037 861 2094 in
888 2037 985 2095 calore
1013 2053 1117 2096 suaves
1149 2039 1229 2113 sunt,

212 2125 346 2201 pluviem
380 2125 534 2201 emittunt,
573 2127 603 2184 et
643 2144 711 2184 cum
749 2125 794 2185 sol
830 2125 983 2184 interdum
1016 2143 1069 2184 nec
1101 2125 1231 2185 nimium

212 2214 341 2272 calorem
363 2233 417 2273 neo
438 2215 564 2272 nimium
586 2215 685 2293 frigus
709 2214 847 2290 ostendit,
871 2216 943 2274 tunc
966 2215 1056 2274 etiam
1077 2214 1231 2274 interdum

212 2319 334 2363 suavem
355 2303 489 2377 pluviam
513 2304 633 2380 emittit,
665 2303 918 2379 quemadmodum
940 2302 1043 2380 homo,
1076 2322 1144 2362 eum
1173 2304 1229 2362 ali-

212 2391 330 2467 quando
353 2392 449 2452 laetus
472 2396 525 2468 est,
549 2393 686 2452 lacrimas
710 2393 884 2452 multotiens
904 2411 978 2469 prae
993 2391 1103 2470 gaudio
1119 2393 1228 2454 fundit.

173 2487 201 2533 25
280 2482 328 2540 De
357 2483 461 2544 ventis
516 2481 652 2552 Quatuor
679 2482 770 2540 etiam
798 2481 959 2542 cardinales
981 2483 1063 2543 senti
1088 2482 1143 2541 sub
1167 2483 1229 2541 sole

212 2573 242 2629 et
268 2589 358 2646 super
384 2571 476 2630 solem
503 2571 686 2630 firmamento
721 2573 824 2630 assunt
852 2575 883 2630 et
909 2572 986 2630 illud
1014 2573 1167 2631 continent
1196 2590 1230 2630 ao

210 2663 310 2719 totum
327 2659 436 2732 orbem,
453 2659 564 2719 scilicet
579 2660 615 2719 de
630 2659 765 2720 inferiori
779 2662 864 2736 parte
878 2678 973 2736 usque
988 2660 1026 2719 ad
1042 2661 1229 2735 superiorem

210 2751 326 2823 partem
341 2749 527 2823 firmamenti,
551 2749 629 2810 sicut
644 2767 712 2808 cum
726 2749 819 2823 pallio
835 2749 1029 2812 omeumdant.
1068 2748 1228 2809 Orientalis

211 2838 290 2897 enim
318 2840 425 2898 sentus
457 2856 555 2897 aerem
586 2837 795 2913 complectitur
826 2841 857 2897 et
886 2838 1097 2899 suavissimum
1130 2858 1228 2899 rorem

171 2933 301 3002 sosuper
334 2926 416 2985 arida
453 2926 556 2986 mittit.
608 2927 724 2986 Ventus
757 2926 836 2985 euim
871 2926 1030 2986 occidentis
1063 2928 1226 2988 fluentibus

210 3016 339 3074 nubibus
372 3033 402 3074 se
429 3015 581 3095 admiscet,
615 3019 651 3075 ut
678 3034 770 3092 aquas
805 3016 960 3091 sustineat,
991 3035 1028 3076 ue
1061 3019 1228 3093 erumpant.

210 3103 359 3162 Australis
381 3123 452 3165 vero
475 3107 581 3164 ventus
604 3105 705 3182 ignem
733 3106 763 3163 in
791 3105 1017 3182 magistratione
1040 3124 1094 3165 sua
1117 3105 1227 3166 retinet

210 3195 241 3251 et
270 3211 337 3250 eum
371 3193 523 3269 prohibet,
556 3213 593 3253 ne
628 3194 726 3254 omnia
753 3193 918 3255 comburat.
964 3195 1080 3255 Ventus
1108 3210 1225 3270 quoque

210 3281 449 3357 septentrionalis
472 3283 630 3344 exteriores
653 3283 790 3343 tenebras
804 3282 921 3360 1011001,
949 3303 985 3343 ne
1001 3284 1122 3344 modum
1138 3299 1226 3341 suum

170 3376 198 3422 35
211 3370 359 3432 excedant.
393 3371 447 3432 Isti
469 3376 600 3451 quatuor
619 3373 700 3434 venti
722 3373 785 3434 alae
806 3374 958 3448 potentiae
982 3373 1030 3432 dei
1052 3374 1129 3434 sunt.
1169 3369 1226 3442 Qui

211 3478 279 3519 cum
300 3460 390 3521 simul
406 3463 614 3538 movebuntur,
638 3463 737 3522 omnia
753 3463 895 3522 elementa
911 3460 1132 3538 complicabunt
1146 3464 1177 3521 01
1197 3479 1226 3520 00

215 3549 348 3610 dividant
370 3570 404 3611 ac
426 3571 506 3612 mare
529 3552 700 3614 concutient
724 3553 753 3612 01
781 3570 881 3613 omues
905 3569 997 3627 aquas
1025 3549 1222 3612 exsiccabant.
1321 3553 1322 3569 1
