2680 3938
222 171 263 230 24
608 163 854 221 HlLDEGARDlS

220 351 359 410 firmitate
390 350 569 423 laederetur;
602 350 653 410 sed
685 353 715 410 et
743 351 768 410 ai
801 349 922 427 quidam
956 350 1070 426 lapides
1104 351 1241 412 eiusdem
1332 373 1333 446 ἐ

221 459 324 500 arenae
347 440 468 499 affluere
489 441 627 526 ualerent,
651 459 685 500 eo
709 440 791 516 quod
812 440 902 500 homo
925 459 975 500 eos
997 440 1106 500 hebere
1127 445 1242 519 posset,

220 529 415 605 infirmitates,
424 532 519 605 pestes
531 531 561 588 et
571 530 743 605 putredines
758 528 795 587 ab
810 547 844 589 eo
860 530 1007 607 fugarent.
1033 529 1091 589 Sed
1102 549 1182 606 aqua
1196 531 1241 590 ibi

220 623 282 679 tam
305 637 412 695 magna
434 623 464 679 et
485 622 548 680 tam
570 619 721 694 profunda
741 621 792 696 est,
817 619 896 695 quod
912 619 1013 679 haberi
1028 636 1087 677 uon
1102 625 1240 695 possunt.
1332 635 1333 638 ’

194 720 208 765 o
287 708 332 769 De
354 709 450 769 maris
473 709 640 781 effluxione.
685 707 725 766 ut
752 710 893 784 quoniam
919 709 951 766 in
984 708 1095 767 oriente
1128 728 1242 787 magna

220 797 409 873 profunditas
432 817 536 858 arenae
559 799 591 857 et
610 797 708 856 litoris
730 800 781 869 est,
805 798 914 856 ideireo
935 817 1017 856 mare
1037 797 1243 872 superhabun-

221 885 317 946 dando
341 890 424 947 etse
447 884 596 946 dilatando
619 886 662 945 ibi
683 903 743 944 nou
765 887 873 959 affluit3
901 887 934 944 in
961 886 1113 946 occidente
1136 889 1241 946 autem

224 979 253 1035 et
275 977 306 1034 in
329 978 431 1036 austro
454 994 488 1035 ao
510 977 542 1033 iu
565 974 704 1050 aquilone
719 978 802 1035 tanta
824 975 1015 1052 profunditas
1034 993 1192 1034 arenarum
1210 978 1241 1035 et

219 1064 316 1124 litoris
338 1083 396 1124 nou
420 1067 472 1127 est.
506 1061 576 1122 Ideo
599 1064 643 1123 ibi
664 1065 838 1124 multotiens
860 1064 957 1124 effluit
978 1083 1101 1142 magnas
1116 1067 1146 1124 et
1160 1066 1242 1125 latas

180 1165 208 1210 10
221 1154 377 1213 effusiones
399 1152 442 1212 ibi
464 1153 582 1228 faciens,
605 1172 672 1213 eum
696 1153 733 1212 ab
748 1155 817 1231 igne
831 1153 1031 1230 proeellarum
1046 1155 1077 1212 in
1092 1154 1241 1213 insaniam

220 1244 430 1319 commovetur,
453 1245 489 1302 ut
511 1242 697 1317 praedictum
718 1246 771 1305 est.
802 1242 887 1303 Unde
901 1243 945 1303 ibi
959 1243 1057 1303 multa
1072 1243 1193 1301 inutilia
1209 1247 1242 1302 et

219 1330 339 1392 sordida
360 1332 391 1390 iu
413 1349 443 1391 ee
466 1331 580 1408 colligit
602 1336 691 1407 atque
714 1333 883 1409 putredines
899 1331 1063 1408 homiuum,
1086 1351 1245 1408 peeorum,

221 1421 320 1480 avium
350 1423 381 1479 et
410 1421 558 1480 vermium
586 1421 644 1480 sibi
677 1421 810 1484 attrahit.
863 1421 903 1480 Et
936 1422 1046 1481 ideireo
1079 1421 1176 1480 fontes
1209 1426 1243 1482 et

219 1509 350 1581 flumina,
374 1528 450 1585 quae
466 1510 502 1568 de
517 1509 655 1585 partibus
669 1511 735 1570 istis
751 1511 788 1570 de
802 1511 878 1570 mari
894 1511 1030 1586 effluunt,
1045 1513 1107 1570 tam
1124 1529 1195 1570 sana
1208 1515 1243 1570 et

179 1609 207 1654 15
222 1600 285 1657 tam
299 1597 376 1657 bona
390 1617 448 1658 non
464 1601 534 1658 sunt
547 1599 625 1659 sieut
639 1599 700 1675 illa,
717 1619 792 1676 quae
807 1600 844 1659 de
860 1600 997 1660 orientali
1013 1599 1089 1658 mari
1103 1599 1241 1664 effluunt.

289 1688 336 1747 De
366 1705 516 1762 uquarum
546 1688 723 1748 diversitate.
770 1688 845 1748 Nam
879 1690 948 1749 salsi
980 1690 1076 1748 fontes
1110 1691 1140 1748 et
1168 1689 1242 1748 salsi

218 1776 318 1849 rivuli,
341 1778 394 1852 qui
417 1796 451 1836 ex
474 1796 552 1853 aqua
574 1777 627 1836 illa
650 1778 800 1838 orientalis
822 1779 928 1856 plagae
950 1779 982 1837 in
1004 1777 1126 1837 diversis
1149 1778 1240 1837 terris

219 1866 347 1926 saliendo
371 1866 510 1942 effluunt,
542 1867 612 1942 puri
635 1869 704 1926 sunt
727 1870 757 1926 et
785 1869 948 1928 seeundum
975 1886 1071 1926 aerem
1096 1866 1132 1926 da
1155 1867 1238 1942 puri·

218 1958 280 2016 tate
303 1956 357 2014 illa
378 1957 567 2032 aliquantum
589 1955 699 2016 virides
722 1960 801 2020 suut.
834 1958 874 2016 Et
892 1958 924 2017 in
939 1976 1035 2033 mena,
1060 1956 1114 2015 ubi
1129 1955 1238 2028 fluunt,

178 2054 206 2100 20
219 2045 250 2103 in
278 2045 373 2122 guttis
400 2045 511 2104 saliunt
541 2048 571 2104 et
598 2044 661 2104 sani
690 2048 721 2104 et
742 2046 833 2106 utiles
855 2050 926 2106 aunt
949 2050 980 2106 at
1006 2047 1036 2104 in
1060 2048 1135 2120 potu
1158 2046 1238 2104 sumi

217 2136 341 2210 possunt
373 2137 403 2193 et
434 2134 524 2193 etiam
557 2133 594 2192 ad
624 2135 812 2210 coquendum
842 2135 940 2195 eibum
967 2135 1038 2194 boni
1074 2137 1151 2194 sunt.
1197 2134 1240 2193 Et

219 2222 318 2297 homo,
351 2223 404 2299 qui
426 2222 561 2282 infirmus
589 2226 640 2296 ast,
673 2223 699 2283 si
721 2243 812 2300 aquas
834 2225 901 2284 illas
924 2225 1095 2301 frequenter
1116 2223 1238 2296 biberit,
1330 2271 1331 2288 ,

219 2311 375 2370 sanitatem
405 2312 519 2387 recipit,
551 2312 633 2388 quod
664 2314 796 2386 fumum,
827 2315 973 2374 foetorem
996 2316 1026 2374 et
1048 2311 1238 2388 putredinem
1330 2327 1331 2352 ἰ

218 2401 365 2460 malorum
386 2401 548 2460 humorum
571 2403 654 2462 velut
677 2403 788 2463 bouum
811 2406 1004 2480 unguentum
1032 2401 1068 2461 ab
1096 2420 1130 2461 eo
1153 2401 1236 2460 aufe·
1330 2433 1331 2444 κ

179 2493 297 2552 rerunt.
342 2489 374 2548 Si
407 2494 505 2550 autem
539 2490 570 2550 in
601 2509 722 2566 corpore
750 2510 838 2552 sanus
871 2495 923 2565 est,
959 2511 1028 2552 eum
1050 2491 1239 2567 aliquantum

217 2579 348 2656 laedunt,
370 2580 396 2639 si
418 2598 466 2639 eas
489 2578 605 2651 biberit,
629 2584 659 2639 et
673 2580 719 2639 illi
734 2580 834 2640 ulcera
848 2581 974 2640 interius
991 2581 1132 2653 inferunt,
1157 2581 1238 2656 quod

218 2669 250 2727 iu
272 2688 306 2729 eo
329 2687 388 2727 nou
410 2669 574 2746 inveniunt,
597 2669 677 2746 quod
700 2673 839 2746 purgent.
870 2669 975 2746 Aquae
990 2688 1060 2730 vero
1077 2669 1238 2728 fluminum

218 2761 248 2817 et
270 2758 434 2817 viventium
462 2777 496 2817 ao
518 2759 687 2818 salientium
709 2757 848 2834 fontium,
878 2760 930 2834 qui
957 2760 989 2818 in
1018 2758 1118 2818 eadem
1143 2758 1238 2817 orien-

217 2846 272 2905 tali
305 2847 395 2924 plaga
429 2847 539 2923 absque
571 2865 676 2924 sapore
708 2849 775 2907 salis
812 2848 951 2907 oriuntur
988 2853 1018 2908 at
1050 2848 1086 2908 ab
1125 2847 1239 2907 oriente

177 2935 330 3012 adfluunt,
362 2937 431 3012 puri
463 2941 533 2997 sunt
564 2955 743 3012 suavemque
773 2938 902 2996 eolorem
930 2938 1014 2998 suavi
1042 2937 1154 3014 frigore
1187 2936 1236 2994 ad·

216 3025 318 3084 iuncto
344 3024 465 3098 habent,
504 3026 548 3085 ita
578 3026 659 3101 quod
688 3029 851 3102 temperate
898 3027 1009 3086 ealidae
1046 3030 1076 3086 at
1109 3025 1236 3102 frigidae

217 3117 287 3173 sunt
310 3116 339 3173 et
361 3115 450 3174 utiles
473 3114 641 3174 hominibus
667 3115 703 3173 ad
730 3115 838 3192 eibum,
862 3115 900 3174 ad
925 3120 1039 3193 potum,
1063 3115 1101 3174 ad
1123 3114 1236 3191 balnea,

218 3203 254 3261 ad
277 3204 445 3264 lavandum.
494 3203 552 3264 Sed
574 3204 605 3262 in
627 3203 766 3262 manibus
782 3204 968 3281 aliquantum
988 3223 1068 3265 acres
1091 3209 1123 3264 at
1144 3204 1235 3262 durae

218 3295 296 3352 sunt.
331 3291 388 3351 Sed
399 3293 491 3351 salsae
502 3311 603 3368 aquae,
621 3312 696 3368 quae
712 3294 748 3353 ab
762 3294 912 3354 occidente
922 3295 1029 3370 fluunt,
1045 3294 1235 3375 aliquantum

181 3391 208 3436 35
221 3380 359 3440 turbidae
382 3385 452 3440 sunt
478 3386 515 3441 ut
536 3381 638 3455 turb03
672 3384 702 3441 et
732 3382 813 3442 cibus
841 3383 961 3460 quidem
989 3403 1057 3443 eum
1084 3383 1125 3442 eia
1148 3382 1235 3457 coqui

217 3471 324 3545 potest,
347 3469 418 3545 quia
440 3489 492 3546 per
514 3471 613 3547 iguem
633 3471 819 3548 aliquantum
843 3474 874 3531 in
897 3473 1027 3533 eoetioue
1050 3474 1233 3549 purgantur3

216 3557 254 3616 ad
276 3561 383 3633 potum
410 3561 511 3618 autam
535 3559 643 3618 crudae
659 3565 795 3637 sumptae
810 3561 930 3622 nocivae
944 3564 1022 3637 sunt,
1046 3560 1187 3638 quoniam
1202 3561 1233 3620 in
