2680 3938
228 170 270 228 54
613 160 860 218 fflDEGARbls

227 349 266 408 Et
289 347 384 424 aliqui
405 348 530 406 istorum
554 346 607 406 diu
628 346 750 422 vivimt,
780 346 830 406 ead
858 349 957 406 tamen
980 347 1075 406 maior
1097 367 1255 409 numerus

226 457 330 496 eorum
354 436 411 496 cito
433 436 465 494 in
487 439 615 496 mortem
637 435 743 496 deficit

293 528 342 587 Dc
353 527 453 586 mutis.
478 524 565 596 Quod
577 525 602 584 si
613 523 772 585 humidum
783 527 837 584 aut
847 542 961 601 spuma,
974 543 1050 600 quae
1062 525 1154 584 etiam
1170 529 1251 586 tunc

226 615 268 673 ibi
296 616 367 675 sunt
393 616 537 674 attractus
563 615 641 674 livor
666 614 887 690 praedictorum
909 613 1096 690 flegmatum,
1130 615 1251 675 scilicet

199 703 323 778 stepidi
337 706 367 763 et
388 705 465 780 sicci,
488 707 518 763 et
533 705 599 763 iure
614 703 646 762 in
662 703 763 780 quiete
779 721 839 762 esse
855 701 1002 778 deberent,
1018 703 1141 763 modum
1153 722 1249 764 suum

226 793 413 853 excesserint:
436 793 593 852 humidum
611 794 695 853 velut
714 793 876 853 ferventem
895 810 1041 867 aquosum
1056 792 1177 852 fumum
1193 814 1247 870 pa-

225 886 282 960 rat,
298 885 329 942 et
344 901 450 959 spuma
465 881 579 960 obligat
594 885 624 941 et
640 881 809 958 strangulat
823 881 1054 940 rationalitatem
1068 881 1100 940 in
1111 881 1245 956 homine,
1321 949 1322 952 Ἴ

225 971 268 1031 ita
283 971 364 1049 quod
378 972 463 1048 loqui
477 990 535 1030 non
546 973 646 1046 potest
655 970 706 1029 sad
719 968 799 1047 quod
811 970 996 1030 obmutescit.
1028 970 1086 1030 Sed
1098 971 1245 1046 quoniam
1321 991 1322 1002 ¹

226 1061 276 1120 ille
300 1061 429 1121 exterius
451 1061 537 1136 loqui
558 1079 618 1119 non
639 1060 731 1132 valet,
759 1062 843 1118 tanto
871 1059 1031 1134 sapientior
1059 1059 1186 1120 interius
1213 1062 1246 1120 in

186 1163 213 1208 10
227 1150 324 1208 anime
346 1153 398 1220 ast,
422 1153 452 1208 et
467 1149 538 1225 quia
552 1149 642 1208 etiam
657 1149 842 1208 rationalitas
856 1148 887 1207 in
906 1148 971 1223 ipso
994 1149 1122 1208 exterius
1145 1149 1246 1226 ligata

225 1243 278 1314 est,
302 1239 422 1298 scientia
445 1238 508 1296 eius
530 1238 562 1296 in
584 1238 648 1313 ipso
671 1238 799 1314 liquitur
822 1240 852 1296 et
874 1237 972 1297 sentit.
1017 1237 1056 1297 llt
1079 1237 1127 1296 hic
1149 1238 1246 1299 bomo

225 1328 321 1387 malus
343 1345 403 1386 non
425 1331 476 1403 est,
499 1326 551 1385 sed
573 1329 603 1387 et
625 1345 713 1386 sanus
734 1327 767 1385 in
789 1345 911 1401 corpore
934 1330 964 1385 et
987 1325 1040 1384 (liu
1061 1326 1147 1387 vivit.

292 1416 338 1474 Dc
367 1417 503 1478 bonitate.
548 1415 605 1474 Sed
638 1434 707 1475 cum
739 1416 769 1474 in
800 1415 900 1492 aliquo
932 1415 1050 1475 homine
1081 1415 1248 1475 humidum

225 1504 432 1580 superexcellit
454 1523 589 1580 spumam
613 1509 643 1564 at
666 1524 772 1580 spuma
794 1505 904 1564 siccum
928 1507 958 1564 et
979 1503 1128 1581 tepidum,
1163 1525 1246 1582 quae

186 1609 213 1653 15
226 1597 405 1670 sequuntur,
436 1597 509 1654 tuno
538 1593 610 1653 haec
640 1594 700 1654 duo
727 1593 938 1671 subsequentia
968 1593 1131 1653 secundum
1162 1595 1245 1655 vires

225 1701 293 1742 suas
321 1683 445 1743 illorum
471 1684 600 1742 duorum
630 1682 882 1760 praecedentium,
914 1683 1026 1742 scilicet
1059 1682 1176 1742 humidi
1211 1687 1245 1744 et

224 1791 357 1849 spumae,
385 1773 464 1832 livor
486 1775 569 1844 sunt,
598 1775 627 1831 et
650 1772 706 1832 iste
728 1772 818 1832 homo
841 1772 1019 1832 naturaliter
1040 1772 1125 1831 valde
1148 1772 1246 1833 bonos
1279 1803 1285 1814 ·

226 1881 323 1922 mores
346 1861 437 1921 habet
460 1865 489 1922 et
512 1863 607 1920 laetus
631 1865 684 1938 est,
713 1865 743 1920 et
766 1880 833 1920 caro
858 1862 921 1921 eius
944 1861 1056 1934 crescit,
1079 1879 1132 1920 nec
1154 1861 1246 1921 facilc

224 1951 311 2011 irasci
333 1954 432 2027 potest
454 1969 506 2010 neo
528 1969 644 2010 amarus
660 1953 715 2023 ast3
740 1951 790 2010 sed
804 1951 939 2010 infirmus
960 1952 1005 2010 est
1027 1952 1058 2009 et
1077 1951 1244 2028 longaevus

183 2052 212 2097 ao
226 2058 284 2099 non
307 2041 372 2117 erit,
397 2042 478 2116 quod
500 2040 615 2100 siccitas
638 2040 669 2097 in
692 2058 726 2099 eo
750 2039 866 2099 modica
889 2043 940 2099 est.

291 2130 336 2188 Dc
361 2130 520 2188 rumorosis.
552 2128 584 2186 Si
606 2147 676 2188 vero
700 2129 811 2188 siccum
833 2130 882 2188 vel
903 2128 1047 2204 tepidum,
1071 2147 1148 2204 quae
1168 2132 1245 2188 tunc

223 2218 301 2277 livor
323 2218 439 2276 humidi
468 2221 498 2276 et
524 2235 645 2294 spumae
674 2221 756 2290 sunt,
788 2220 911 2277 modum
943 2236 1033 2277 suum
1060 2218 1242 2294 transierint,

225 2310 362 2367 eructum
392 2326 460 2366 cum
499 2306 599 2366 sonitu
636 2325 669 2365 ac
708 2307 874 2385 singultum
908 2306 1022 2366 faciunt
1053 2307 1085 2364 in
1121 2306 1242 2367 homine

224 2399 313 2472 atque
335 2399 441 2472 parant
463 2396 561 2456 inille
579 2414 716 2455 cancrum
732 2396 898 2472 olfaciunt,
923 2395 1005 2472 quod
1020 2395 1107 2454 illum
1123 2414 1239 2455 vermes

183 2495 210 2540 25
225 2486 389 2562 comedunt,
413 2490 503 2561 atque
524 2484 639 2544 faciunt
662 2503 763 2544 carnes
786 2485 918 2560 corporis
940 2484 1022 2544 illius
1045 2484 1076 2544 in
1098 2485 1237 2544 informis

223 2574 371 2634 ulceribus
394 2577 607 2650 extumescere,
630 2574 674 2632 ita
698 2574 778 2650 quod
801 2575 890 2633 etiam
912 2572 969 2632 hoo
991 2574 1078 2633 modo
1094 2574 1125 2632 in
1140 2573 1235 2633 intur·

224 2667 310 2740 gente
342 2667 459 2723 tumore
492 2663 647 2722 brachium
680 2663 743 2722 eiua
773 2664 822 2724 vel
851 2682 904 2738 pas
933 2663 1028 2739 ipsius
1055 2662 1150 2722 maior
1180 2664 1238 2723 erit

225 2771 315 2828 quam
339 2753 422 2816 alter.
466 2752 506 2810 lit
538 2753 594 2811 hoo
621 2755 683 2810 tem
715 2752 768 2810 diu
799 2752 925 2824 faciunt,
958 2752 1030 2811 dum
1061 2753 1238 2812 cessaverint

224 2840 260 2898 ab
282 2840 337 2900 hac
359 2845 449 2917 peste,
471 2841 550 2900 uude
573 2841 625 2899 diu
648 2860 706 2900 non
728 2844 828 2916 potest
850 2841 958 2905 vivere.

182 2939 211 2985 30
291 2930 337 2989 Dc
363 2930 506 3004 podayra.
552 2929 639 3000 Quod
662 2931 687 2989 si
709 2947 814 3006 spuma
836 2929 1055 3008 transgreditur
1077 2928 1237 2989 humidum

224 3021 254 3076 et
276 3018 434 3077 humidum
454 3018 565 3077 siccum
581 3022 611 3078 et
625 3018 769 3094 tepidum,
791 3019 880 3078 homo
895 3019 946 3078 ille
963 3022 1068 3078 bonam
1084 3019 1238 3078 scientiam

223 3106 320 3179 habet,
344 3107 394 3168 sed
417 3125 556 3183 praeceps
578 3110 609 3166 et
630 3107 719 3167 nimis
740 3109 895 3169 vehemens
917 3109 949 3167 in
971 3108 1092 3168 scientia
1114 3111 1170 3184 est,
1194 3108 1239 3167 ita

224 3197 306 3272 quod
328 3196 481 3256 scientiam
504 3215 589 3256 suam
611 3196 643 3255 in
666 3196 781 3257 diversa
803 3198 918 3274 spargit
940 3201 977 3257 ut
1002 3197 1131 3274 paleam,
1161 3217 1237 3274 quae

223 3305 241 3343 a
262 3288 358 3346 vento
374 3286 534 3363 spargitur,
558 3290 588 3345 et
611 3286 776 3346 dominium
792 3287 906 3363 appetit
921 3306 1010 3364 super
1027 3286 1100 3346 alios
1121 3284 1236 3348 habere.

183 3385 210 3432 3⁵
224 3375 262 3433 llt
285 3393 373 3434 sanus
395 3374 426 3434 in
450 3393 571 3452 corpore
598 3379 655 3452 cst,
687 3380 804 3452 praeter
831 3376 912 3452 quod
936 3376 1022 3435 facile
1044 3375 1076 3434 in
1098 3375 1236 3436 cruribus

223 3463 391 3524 infirmatur
406 3466 437 3523 at
452 3465 533 3542 quod
549 3465 713 3543 podagram
727 3465 813 3526 facila
829 3464 968 3538 attrahit3
990 3463 1043 3524 'sed
1067 3463 1120 3522 diu
1134 3464 1235 3524 viuere

223 3555 331 3630 potest,
352 3554 378 3613 si
401 3553 455 3614 (leo
478 3555 522 3614 ita
544 3555 698 3632 placuerit.
