2668 3924
346 190 487 248 CAUSAE
507 189 553 247 ΕΤ
572 191 694 248 CURAE
713 193 780 248 LIB.
799 192 833 247 V.
920 207 931 219 ‘
1031 198 1094 258 243

81 379 112 435 et
136 376 256 453 sanguis
278 377 334 435 iste
356 375 467 436 livosus
495 378 547 453 est,
579 379 609 435 et
640 376 735 436 infans
763 377 817 437 iste
849 377 901 437 diu
931 382 983 455 est,
1016 378 1096 456 quod

81 485 141 526 non
165 465 275 524 incedit
296 465 429 543 pedibus,
451 468 481 526 et
504 465 584 542 quod
607 485 667 525 non
689 467 832 544 loquitur,
856 467 908 527 diu
931 472 983 530 est.

150 557 247 629 Quare
269 556 403 618 homiues
426 556 590 616 dormitant
605 560 675 630 poet
684 557 836 630 potionem
851 561 878 617 et
891 559 1095 618 minutionem.

81 645 168 715 Quod
190 645 324 704 homines
347 648 416 722 post
438 649 571 720 sumptas
594 646 728 721 potiones
744 665 796 707 seu
810 650 879 722 post
893 647 985 708 factas
999 649 1095 707 minu·

80 736 175 794 tiones
200 735 371 808 dormitant,
400 734 455 794 hoc
478 735 696 812 exinanitione
719 755 861 795 venarum
884 737 990 814 evenit,
1014 738 1122 815 quode

80 843 148 884 cum
179 844 269 885 rensc
292 825 485 884 inanitionem
507 825 668 885 humorum
691 831 721 886 et
744 826 894 904 sanguinis
922 827 953 886 in
980 846 1011 887 se
1033 845 1094 887 sen·

79 915 169 990 tiunt,
202 914 352 991 quiescere
379 915 485 974 volunt
514 918 544 974 et
574 915 617 975 ita
639 915 727 974 homo
750 916 937 993 repentinum
960 935 1095 995 soporem

79 1004 195 1080 arripit.

151 1093 262 1154 Cootrc
284 1109 430 1168 corpzcm.
474 1092 506 1152 Si
528 1113 631 1153 reuma
654 1115 670 1152 a
690 1094 810 1154 naribus
826 1095 974 1171 superflue
989 1095 1093 1169 effluit,

78 1185 179 1242 fumus
210 1183 246 1242 de
274 1183 356 1260 ligno
388 1183 492 1242 abietis
523 1184 643 1244 naribus
671 1184 842 1262 excipiatur,
873 1187 904 1244 et
935 1186 1012 1245 fluor
1042 1187 1092 1245 ille
1107 1197 1133 1242 ro

78 1274 198 1333 suavius
233 1273 367 1332 solvetur
399 1277 429 1332 et
459 1273 590 1333 cessabit.
643 1271 759 1334 Cineres
792 1293 911 1353 quoque
943 1275 979 1334 de
1010 1276 1092 1352 ligno

77 1362 182 1422 abietis
206 1361 279 1421 fiant
302 1364 333 1421 et
355 1381 423 1421 cum
445 1362 505 1422 illis
528 1363 624 1424 lexiva
646 1367 769 1439 paretur
792 1367 822 1424 et
849 1368 939 1441 caput
965 1365 1092 1425 hominis

78 1472 145 1512 curn
168 1452 220 1510 illa
236 1453 360 1525 lavetur,
377 1455 408 1511 et
422 1471 530 1530 pravos
546 1452 683 1513 humores
699 1455 803 1531 capitis
817 1455 928 1515 minuit
944 1473 977 1515 ac
992 1456 1092 1515 oculos

77 1541 226 1604 clarificat.

121 1633 166 1691 De
186 1632 316 1705 febrium
338 1633 446 1694 caum.
480 1623 617 1712 ¹)Febres
641 1636 741 1692 autem
756 1632 792 1692 de
807 1633 898 1693 nimia
913 1634 1088 1694 dormitione
1105 1645 1132 1690 15

76 1725 131 1780 aut
153 1721 188 1780 de
212 1722 369 1796 superfluis
392 1722 464 1782 cibis
487 1725 517 1781 et
539 1721 660 1798 potibus
683 1722 823 1782 oriuntur
845 1726 898 1783 aut
928 1725 963 1783 de
991 1725 1090 1784 taedio

76 1815 107 1871 et
130 1811 290 1888 otiositate,
315 1831 382 1871 oum
404 1811 494 1870 homo
517 1830 575 1871 non
599 1811 759 1892 operatur]

144 2060 327 2137 [Explioiunt
348 2062 522 2139 prophetiae
546 2064 662 2122 sanctae
685 2061 883 2141 Hildegardis

142 2151 310 2227 Explicitur
332 2153 387 2212 iste
410 2153 493 2227 liber,
518 2152 646 2228 scriptor
669 2153 708 2213 eit
730 2153 852 2213 crimine
874 2153 959 2216 liber.

114 2301 116 2304 .
142 2241 238 2300 Amen
261 2241 361 2301 dicant
383 2243 504 2315 omnia]

150 2414 171 2484 l)
191 2433 217 2468 v.
238 2415 341 2470 15-17
360 2439 397 2462 =
414 2434 442 2486 p.
463 2417 597 2483 164,ae·ae.
