2680 3938
382 172 589 230 61666111
608 139 732 230 onaan
748 174 816 230 116.
834 175 869 231 11.
1092 181 1132 241 63

95 361 222 420 ventre
255 377 376 436 quoqne
404 359 502 418 omnia
533 360 647 420 viscera
674 360 737 420 eins
765 361 850 420 velut
879 364 941 420 rete
964 364 1135 422 connectens

96 467 212 525 eaque
236 448 266 506 in
290 465 374 509 cavas
403 467 541 510 cavernas
569 448 757 526 confirmans,
790 450 821 507 in
850 449 959 526 quibus
988 451 1047 510 cibi
1074 471 1133 512 ser-

97 541 241 612 vantur,
277 556 329 613 per
357 557 431 615 quoe
458 537 610 614 praedicta
638 538 735 616 figura
760 538 906 615 pascitnr3
938 558 1012 616 qnos
1035 540 1135 600 dentes

99 627 244 698 molunt,
268 627 399 703 quisine
415 627 546 686 medulla
568 629 652 686 velut
671 627 757 686 radix
778 647 833 704 per
853 627 1010 687 humidum
1034 629 1136 706 ignem

104 717 234 775 animae
257 715 318 775 sine
341 735 420 794 aqna
441 717 547 776 6666111
570 719 654 793 eunt,
684 717 727 776 ita
751 717 831 794 quod
854 716 933 775 idem
956 718 1014 777 cibi
1036 719 1162 779 ventris

103 806 332 878 immittuntur,
356 805 387 864 in
411 825 472 882 quo
495 825 591 883 usque
606 806 644 864 nd
658 807 857 882 temperatum
872 808 991 883 tempus
1006 813 1133 872 manent.

102 894 227 954 Anima
250 912 369 970 quoque
392 913 514 954 succum
536 894 594 954 cibi
616 895 647 954 in
671 895 838 971 cerebrum,
864 895 895 953 in
918 913 980 971 cor,
1009 896 1040 954 in
1062 897 1134 956 folia

104 983 278 1060 pulmonis,
301 983 333 1041 in
356 985 438 1043 iecur
460 984 537 1044 etin
553 1002 757 1045 omnesvanas
775 983 882 1045 dividit
902 1003 936 1044 ac
956 985 1134 1045 fortitudine

105 1072 221 1132 caloris
241 1061 428 1132 stomachum
443 1077 473 1132 et
487 1073 602 1133 viscera
616 1073 677 1149 illa,
702 1093 778 1151 qnae
794 1074 894 1133 cibum
908 1076 1039 1150 portant,
1063 1093 1131 1134 oon·

105 1163 221 1237 161161,
249 1180 285 1220 ne
310 1161 462 1234 diffluant,
492 1162 544 1222 sed
567 1161 647 1239 quod
669 1163 700 1221 in
723 1164 788 1222 loco
811 1181 865 1222 sno
889 1163 1055 1223 consistant.
1093 1165 1173 1224 11116

105 1255 188 1311 tnnc
221 1249 310 1308 etiam
339 1251 371 1309 in
399 1269 488 1310 crura
522 1270 552 1311 66
583 1251 724 1324 declinat,
756 1253 843 1329 igneo
871 1253 968 1312 calore
996 1271 1049 1312 sno
1080 1253 1134 1312 illa

108 1339 315 1400 confirmando
341 1359 374 1399 ac
398 1341 495 1400 omnia
518 1341 654 1418 apposita
669 1341 800 1400 aedificia
816 1359 937 1400 orarum
952 1342 1134 1418 sustinendo,

110 1427 369 1506 quamadmodum
392 1428 497 1489 domus
520 1430 665 1490 columnis
688 1430 879 1490 oonfiimatur
895 1433 925 1490 61
940 1434 1133 1495 sustentetur.

108 1520 158 1577 Ac
175 1517 280 1576 deinde
294 1519 384 1576 etiam
400 1518 488 1594 pedes
503 1523 533 1578 61
549 1519 706 1580 divisiones
726 1520 845 1596 pedum,
869 1521 947 1580 siout
969 1520 1042 1581 deus
1063 1522 1132 1580 illos

110 1606 270 1668 scribendo
287 1609 406 1683 creavit,
429 1608 531 1685 intrat,
555 1609 697 1685 quoniam
720 1609 797 1668 sicut
819 1610 908 1685 pedes
928 1611 1133 1670 columnarum
1147 1621 1174 1666 15

110 1698 195 1772 ipsae
218 1696 376 1773 columnas,
400 1697 442 1756 sio
465 1701 495 1756 61
509 1698 598 1774 pedes
613 1696 741 1757 hominis
757 1717 845 1758 crura
863 1699 958 1773 ipsius
974 1700 1132 1760 sustinent.

109 1786 186 1862 Ipsa
218 1785 296 1844 enim
326 1787 425 1845 anima
454 1787 583 1864 figuram
615 1786 748 1863 corporis
782 1788 894 1860 firmat,
935 1787 1067 1848 vivificat
1104 1791 1134 1848 61

111 1874 273 1951 illuminat,
296 1875 363 1935 ideo
387 1875 468 1952 qnod
491 1877 581 1935 etiam
604 1876 635 1935 in
658 1895 782 1952 corpore
804 1877 957 1936 flammans
979 1876 1058 1952 ignis
1081 1880 1132 1952 661,

114 1965 194 2024 sicut
216 1966 246 2022 61
267 1963 345 2042 ignis
367 1965 399 2023 in
421 1967 486 2024 1616
509 1965 596 2025 domo
625 1969 656 2024 et
681 1966 713 2024 in
741 1965 876 2025 omnibns
905 1966 1023 2043 angulis
1052 1967 1134 2025 lucet

114 2057 146 2114 et
172 2052 251 2112 sicut
277 2057 373 2113 totam
402 2055 524 2115 domum
550 2055 709 2118 illuminat.
754 2053 840 2114 Unde
868 2057 898 2114 61
929 2054 1017 2114 homo
1047 2055 1132 2115 velut
1145 2065 1173 2110 66

114 2143 160 2203 661
193 2144 223 2202 61
253 2141 324 2201 luna
358 2146 414 2219 661,
447 2143 519 2219 qnia
550 2143 628 2203 sicut
655 2145 753 2220 prima
783 2143 856 2203 hora
884 2143 943 2202 diei
974 2144 1053 2202 diem
1084 2163 1130 2204 os·

114 2231 223 2307 tendit,
255 2231 299 2290 116
328 2234 358 2291 61
386 2233 483 2291 anima
513 2251 568 2308 per
599 2233 740 2293 fenestras
773 2234 929 2292 oculorum
957 2234 1057 2292 lumen
1085 2234 1130 2293 vi·

116 2320 211 2380 dendo
253 2321 370 2396 aspicit,
415 2325 446 2381 61
484 2323 520 2380 nt
553 2322 645 2381 tertia
683 2323 756 2383 hora
798 2321 857 2381 diei
895 2322 1016 2382 eandem
1058 2322 1131 2397 [ani-

118 2411 208 2484 mam]
248 2410 369 2487 dilatat,
414 2411 456 2470 616
494 2413 525 2470 61
562 2411 660 2470 anima
701 2411 897 2488 cogitationes
935 2411 966 2470 in
1012 2414 1132 2488 pectore

117 2499 309 2575 mintiplioca
340 2501 371 2559 61
402 2500 654 2576 quemadmodum
685 2501 776 2560 etiam
807 2502 852 2560 661
881 2502 913 2559 in
947 2503 1028 2560 sexta
1060 2501 1173 2560 horale

117 2588 236 2648 fortiter
270 2589 354 2649 ardet
384 2607 418 2648 66
447 2589 545 2649 omnia
577 2590 608 2648 in
641 2592 789 2666 potestate
819 2608 873 2649 sua
899 2588 1001 2662 habet,
1031 2589 1075 2648 116
1103 2593 1133 2649 61

119 2677 212 2736 anima
238 2677 269 2736 in
301 2678 388 2738 corde
419 2678 551 2754 plurima
581 2679 674 2739 sciens
707 2679 739 2737 in
771 2679 911 2754 operibus
943 2678 1005 2738 suis
1036 2679 1133 2738 multa

119 2766 258 2839 ostendit;
291 2769 321 2826 61
354 2767 433 2827 61661
461 2767 505 2826 661
532 2768 564 2825 in
590 2785 668 2828 nona
698 2767 729 2826 in
763 2768 913 2844 quandam
945 2767 1132 2845 geliditatem

118 2874 149 2916 66
169 2855 298 2927 inclinat,
329 2856 443 2932 (quia)
473 2875 549 2932 opus
573 2856 632 2917 diei
659 2857 719 2914 iam
740 2856 879 2934 perfecit,
909 2857 953 2916 116
980 2857 1132 2916 inanima

120 2947 171 3021 661,
195 2963 263 3004 cum
286 2944 351 3021 ipsa
372 2946 404 3004 in
419 2949 523 3005 ventre
546 2948 688 3022 operatur
711 2964 780 3005 oum
803 2945 885 3021 cibis,
909 2946 1019 3022 quibus
1042 2945 1130 3006 homo
1144 2951 1172 2998 3⁰

120 3033 260 3111 pascitur,
296 3035 349 3111 qui
375 3053 430 3112 per
452 3034 545 3094 solem
567 3034 712 3110 redinant,
744 3039 892 3112 crescunt,
924 3033 1130 3111 perficiuntur.

122 3122 201 3183 (11166
222 3141 380 3200 vesperum
402 3126 503 3183 autem
526 3126 570 3184 sol
593 3124 649 3183 sub
665 3127 775 3184 terram
789 3143 819 3184 se
835 3123 997 3200 abscondit,
1021 3126 1051 3183 61
1073 3143 1131 3184 nox

122 3215 249 3289 apparet,
279 3213 351 3289 quia
373 3213 471 3272 anime
493 3213 526 3271 in
548 3213 685 3273 erunibus
707 3217 822 3286 menet,
856 3232 932 3291 quae
954 3216 1055 3273 totum
1077 3215 1129 3273 ho·

122 3302 225 3361 minem
259 3302 418 3378 continent,
450 3306 480 3362 61
511 3301 589 3362 circa
618 3303 722 3363 horam
751 3302 836 3361 illam
864 3320 951 3379 opere
979 3303 1073 3362 fessus
1102 3307 1132 3362 et

123 3391 180 3452 oibo'
207 3394 351 3451 vacuatus
378 3392 466 3450 homo
495 3391 650 3468 (1611111161,
685 3393 757 3450 dum
787 3391 899 3450 iterum
930 3392 975 3451 sol
1007 3391 1173 3454 6116111135

124 3479 223 3539 Anima
245 3480 324 3538 enim
354 3499 476 3540 succum
508 3480 644 3540 ciborum
674 3483 739 3540 1616
767 3480 884 3556 corpori
914 3483 993 3540 recte
1022 3480 1131 3541 dividit

125 3572 152 3629 61
182 3569 330 3645 reliquum
360 3569 484 3643 emittit,
516 3569 767 3646 quemadmodum
798 3569 902 3628 vinnm
936 3589 953 3628 a
986 3569 1067 3628 faece
1101 3587 1130 3628 se

1269 1933 1288 1970 O
