2680 3938
426 203 568 260 CAUSAE
586 201 633 258 ΕΤ
652 203 775 259 CURAE
793 205 861 259 LIB.
879 206 902 263 I.
1135 210 1174 270 31

155 389 308 449 fructibus
330 408 489 465 pomorum
504 389 670 465 proferunt,
695 408 771 464 quae
785 389 898 449 bonum
909 407 1044 466 saporem
1058 389 1176 453 habent.

157 478 219 538 Sed
231 477 338 538 durare
355 478 408 538 din
422 496 481 537 non
496 481 631 554 possunt.
653 478 848 538 Frumentum
860 481 960 538 autem
971 479 1014 540 ibi
1026 479 1176 539 minutum

156 572 205 628 est
228 569 259 627 et
281 567 318 626 ad
341 568 507 643 proleotum
529 585 588 626 non
615 565 689 625 bene
710 566 818 644 tendit,
850 568 930 643 quod
953 569 1033 627 terra
1055 565 1100 630 ibi
1123 570 1174 628 oli·

155 660 307 733 quantum
331 656 454 715 humida
477 658 534 729 est;
560 655 641 733 quod
661 660 749 731 terra,
773 676 848 735 quae
864 657 1097 717 habundantiam
1112 659 1175 717 fru-

155 745 251 805 menti
265 746 371 823 gignit,
388 746 576 822 aliquantum
587 745 671 804 arida
682 764 743 806 esse
759 746 856 822 debet,
872 746 952 822 quod
964 766 1106 824 magnum
1121 747 1174 806 fri·
1188 765 1202 810 5

157 853 217 913 gus
232 835 417 894 frumentum
433 835 501 911 plus
516 835 609 894 laedit
624 854 715 910 quam
727 836 815 910 calor,
834 834 974 912 quoniam
992 836 1176 895 frumentum

160 923 347 1000 aliquantum
363 924 475 984 siecum
490 926 542 983 est.
572 922 683 983 Vineae
700 927 801 984 autem
815 925 858 984 ibi
873 924 904 984 in
920 924 1032 984 oriente
1048 925 1085 984 ad
1100 926 1175 985 mul-

155 1016 224 1072 tum
236 1014 405 1088 profectum
416 1013 479 1073 vini
490 1012 650 1089 proficiunt
665 1003 852 1090 atque-'valde
867 1013 978 1073 bonum
990 1013 1092 1074 vinum
1108 1034 1174 1091 pro·

156 1104 270 1164 ferunt.
306 1102 424 1162 Herbae
446 1106 545 1162 autem
569 1101 726 1162 hortorum
749 1106 780 1162 et
803 1103 878 1162 aliae
900 1101 1016 1177 herbae,
1045 1103 1175 1178 quaein

156 1191 259 1252 eadem
283 1191 420 1251 orientali
442 1192 531 1269 plaga
547 1192 582 1250 de
603 1192 688 1266 aquis
711 1194 742 1251 et
763 1193 847 1252 iuxta
870 1209 961 1268 aquas
984 1192 1121 1269 rigantur
1144 1195 1174 1252 et
1188 1211 1216 1256 10

154 1283 301 1351 creseunt,
325 1299 403 1361 quae
427 1280 593 1340 oboriente
615 1281 724 1352 fluunt,
748 1282 900 1343 virtuosae
915 1284 985 1341 sunt
1008 1281 1173 1340 othonum

59 1409 63 1418 ·
154 1369 277 1430 odorem
299 1368 409 1429 habent
431 1372 462 1430 et
484 1370 521 1428 ed
543 1369 718 1428 medicinam
740 1371 840 1431 valent
863 1389 897 1430 ao
920 1371 1013 1431 bonae
1042 1371 1173 1430 suntad

153 1459 250 1531 eibos3
273 1459 304 1517 et
317 1475 432 1518 vermes
447 1477 515 1518 raro
529 1459 560 1518 in
576 1458 617 1518 eis
633 1463 769 1519 arescunt
791 1463 822 1520 et
844 1478 911 1520 raro
935 1478 982 1520 eas
1006 1459 1171 1532 comedunt,

153 1547 238 1624 quod
253 1547 289 1606 de
305 1548 401 1607 oalore
417 1550 447 1607 et
463 1548 575 1626 frigore
586 1548 659 1608 bene
670 1551 851 1624 temperatae
867 1556 945 1625 sunt,
962 1549 1043 1625 quod
1058 1568 1171 1609 vermes

154 1637 288 1713 fugiunt,
312 1637 451 1712 qnoniam
473 1637 530 1714 ipsi
552 1637 665 1697 foetida
686 1638 849 1698 humiditas
872 1641 949 1714 sunt,
973 1641 1009 1698 ut
1031 1657 1120 1698 eruoa
1143 1642 1172 1698 at
1187 1656 1215 1702 15

156 1726 278 1800 similes,
301 1726 354 1800 qui
369 1726 405 1784 de
421 1744 527 1802 spuma
543 1727 618 1786 aeris
634 1732 776 1791 creseunt.
811 1727 869 1787 Sed
892 1731 922 1787 et
945 1727 1073 1803 arbores,
1097 1747 1173 1804 quae

154 1816 188 1875 in
204 1813 377 1875 oooidentali
391 1815 482 1893 plaga
497 1818 567 1876 sunt
584 1819 614 1875 et
630 1817 665 1875 de
682 1816 912 1876 occidentalibus
928 1817 1013 1891 aquis
1027 1816 1172 1893 rigantur,

155 1905 231 1965 bene
254 1907 403 1978 oresount3
425 1904 477 1964 sed
495 1905 613 1965 fruetus
633 1905 817 1966 diversorum
833 1924 998 1982 pomorum,
1022 1905 1075 1982 qui
1090 1905 1174 1964 iuxta

155 1997 268 2054 terram
291 1993 395 2053 oresoit
417 1995 447 2054 et
462 1994 499 2054 ab
514 1994 693 2054 humiditate
709 1999 805 2054 terrae
820 1995 963 2072 tangitur,
987 1993 1173 2070 aliquantum

154 2083 279 2143 nocivus
302 2086 359 2155 est,
388 2083 439 2142 ille
461 2084 561 2143 antem
584 2085 714 2158 fruetus,
744 2083 850 2159 quiin
874 2084 933 2142 alto
957 2081 1097 2142 arborum
1119 2086 1171 2157 est,
1186 2092 1214 2137 no

155 2172 202 2231 ita
224 2171 346 2231 nocivus
367 2190 426 2231 non
449 2175 505 2244 est,
536 2172 618 2248 quod
645 2173 804 2233 altitudine
832 2172 906 2232 aeris
933 2175 1031 2232 taetus
1053 2177 1110 2248 est,
1144 2176 1174 2232 et

155 2261 269 2321 bonurn
291 2264 414 2338 gustum
433 2261 523 2321 habet
545 2264 575 2321 et
594 2262 723 2321 saturari
744 2264 874 2322 multum
894 2281 953 2322 non
977 2262 1061 2321 obest
1084 2264 1173 2338 atqua

157 2350 210 2409 din
234 2350 344 2409 durare
366 2353 475 2426 potest.
519 2350 716 2410 Frumentum
739 2351 864 2412 veroin
888 2351 1061 2411 occidentali
1084 2351 1174 2428 plaga

155 2439 235 2498 forte
251 2441 304 2516 est,
328 2440 379 2498 sed
401 2438 513 2517 pingue
535 2459 595 2499 non
618 2444 671 2516 est,
695 2443 725 2500 et
746 2441 850 2501 vinum
865 2441 942 2500 forte
958 2444 1009 2516 est,
1032 2440 1083 2500 sed
1099 2439 1170 2520 deli·

155 2529 269 2588 ciosum
292 2546 351 2587 non
374 2530 427 2605 est,
455 2531 487 2589 et
508 2529 617 2590 durare
639 2531 749 2605 potest,
774 2530 854 2607 quod
877 2533 958 2589 terra
980 2529 1024 2589 ibi
1046 2529 1171 2588 calorem
1185 2536 1213 2582 25

155 2620 186 2677 et
214 2617 311 2695 frigus
339 2616 437 2680 habet.
481 2617 599 2678 Harbae
625 2636 696 2678 voro
719 2621 782 2677 tam
803 2617 960 2678 hortorum
984 2636 1074 2694 qnam
1097 2636 1172 2677 oam-

153 2725 274 2783 porum,
304 2725 379 2782 quae
402 2707 433 2766 in
456 2707 557 2767 eadem
580 2707 755 2768 occidentali
777 2711 862 2783 parte
885 2707 921 2766 de
944 2705 1173 2767 occidentalibus

154 2797 240 2873 aquis
262 2798 430 2874 tanguntur
452 2800 483 2856 et
510 2796 687 2874 irrigantur,
718 2800 823 2856 acutae
855 2797 892 2855 ad
919 2795 1073 2856 libidinem
1101 2800 1172 2856 sunt

154 2889 184 2946 et
208 2903 324 2945 omnem
347 2885 508 2962 procellam
531 2887 635 2959 earnis,
663 2886 778 2946 soilioot
799 2886 972 2962 voluptatis,
1002 2886 1171 2945 iracundiae

154 2976 184 3034 et
205 2973 408 3034 instabilitatis
436 2993 553 3035 morum
582 2979 612 3034 et
638 2975 809 3052 frequentas
838 2975 1006 3054 vagationis
1035 2975 1171 3051 excitant,
1185 2981 1212 3027 30

152 3064 197 3123 ita
224 3062 305 3139 quod
331 3063 476 3137 homines,
508 3064 560 3141 qui
590 3083 639 3124 eas
674 3065 871 3143 gustaverint,
903 3064 1055 3124 interdum
1086 3064 1168 3138 laeti,

152 3153 306 3213 interdum
336 3153 436 3213 tristes
467 3156 496 3213 et
527 3153 679 3213 interdum
709 3155 824 3214 veloces
858 3157 936 3213 sunt
990 3154 1030 3212 Et
1064 3171 1169 3213 suasus

153 3241 317 3302 eorundum
339 3241 499 3302 herbarum
522 3245 552 3302 et
573 3242 655 3319 ipsae
677 3242 787 3302 herbae
806 3243 987 3302 incremento
1007 3241 1172 3319 procedunt

153 3336 183 3392 et
204 3331 377 3408 proficiunt,
410 3332 491 3408 quod
519 3332 615 3391 oalens
644 3333 725 3392 calor
747 3335 777 3392 et
799 3332 904 3392 uadens
927 3332 1024 3409 frigus
1046 3331 1090 3390 ibi
1112 3331 1171 3391 aito

152 3440 211 3481 uon
240 3420 352 3493 defioit3
383 3423 413 3481 et
435 3421 501 3480 ideo
524 3421 616 3481 fortes
638 3421 670 3480 in
692 3421 845 3480 viriditate
867 3423 949 3493 sunt,
977 3420 1028 3480 sod
1049 3419 1170 3481 nooivae
1183 3427 1212 3472 35

154 3510 192 3568 ad
223 3509 388 3587 praefatam
420 3509 624 3570 inutilitatem.
671 3509 781 3569 Sedet
805 3509 884 3581 (ad)
909 3510 1054 3586 magieam
1077 3512 1170 3568 artem

155 3602 185 3658 et
208 3599 246 3658 ad
269 3602 366 3659 cetera
388 3600 565 3660 fantasmata
586 3599 694 3676 valent,
717 3599 768 3658 aed
791 3617 850 3658 uon
873 3598 1001 3658 multam
1015 3598 1171 3656 sanitatem
