2662 3932
185 145 248 203 136
572 137 817 193 HlLDEGARDlS

182 343 271 400 quam
293 325 450 400 Augustus
478 325 600 400 oriatur,
622 324 749 383 ‘ieiunus
781 324 891 400 absque
923 323 981 382 alio
1012 325 1225 384 condimento

182 413 314 488 accipiat,
338 422 368 472 et
389 413 491 472 noxios
514 413 620 472 livores
643 434 660 470 a
683 413 833 473 stomacho
857 412 955 471 aufert
982 417 1105 472 etcum
1128 433 1225 488 pur-

181 506 245 579 gat,
278 521 314 561 ne
346 502 377 560 in
405 503 543 580 Augusto
575 503 751 562 infirmetur.
805 501 892 572 Quod
923 501 948 561 si
978 503 1066 562 borno
1103 504 1224 561 ullum

181 591 280 651 cibum
303 591 470 666 comederit,
493 593 572 651 unde
596 593 781 651 stomachum
796 610 884 651 suum
900 592 1049 666 ingravari
1065 593 1221 668 senserit,

152 681 230 739 5ille
253 681 282 739 in
300 679 425 740 Octobre
440 681 523 738 illam
545 684 653 742 sumat.
689 680 745 740 Sed
769 683 799 739 et
821 681 893 740 alias
916 681 1050 754 potiones
1073 681 1223 756 quilibet

113 764 119 776 ’
179 770 268 828 homo
281 769 440 829 salubrius
463 771 494 827 in
516 771 675 845 praedictis
698 770 848 829 mensibus
872 789 963 846 quam
985 770 1016 828 in
1040 771 1105 829 aliis
1121 791 1222 829 men·

178 859 259 918 sibus
282 878 397 918 sumere
418 863 526 934 potest.

245 949 292 1008 Dc
315 949 422 1011 diaeta
460 947 519 1017 Qui
542 951 642 1007 autem
658 967 744 1007 sanus
760 967 820 1007 esse
842 949 917 1018 vult,
940 953 1009 1024 post
1024 948 1220 1008 naturaliter

179 1037 289 1097 calidos
319 1037 398 1096 eibos
425 1037 603 1096 naturaliter
625 1037 750 1114 frigidos
773 1037 907 1096 comedat
930 1039 1052 1112 etpost
1078 1040 1218 1096 natura·

138 1133 166 1178 1⁰
177 1127 248 1184 liter
269 1127 394 1203 frigidos
416 1126 591 1185 naturaliter
613 1126 723 1186 calidos
745 1130 844 1186 sumat
867 1132 897 1185 et
926 1129 995 1202 post
1022 1125 1218 1186 naturaliter

177 1216 268 1275 siccos
302 1215 479 1274 naturaliter
512 1215 650 1275 humidos
684 1219 714 1274 et
746 1219 815 1292 post
849 1216 1027 1274 naturaliter
1061 1215 1214 1276 humidos

177 1305 353 1364 naturaliter
390 1305 534 1379 (siccos),
558 1305 619 1363 sive
647 1307 745 1364 coctos
773 1305 833 1364 sive
860 1323 919 1363 non
946 1310 1055 1379 coctos,
1085 1305 1137 1379 qni
1170 1307 1210 1364 in

177 1397 285 1452 natura
306 1412 360 1452 sua
383 1395 436 1451 aut
458 1393 547 1452 calidi
572 1397 625 1452 aut
646 1393 750 1471 frigidi
772 1396 849 1468 suut,
873 1397 910 1452 ut
925 1394 967 1453 sic
982 1393 1107 1453 invicem
1124 1393 1209 1453 bene

176 1473 386 1558 temperentur.

137 1569 189 1624 1‘5·
242 1572 288 1630 De
315 1572 400 1630 Adae
433 1573 580 1631 mentione
616 1576 641 1631 ct
672 1572 754 1631 ibae
782 1573 971 1644 formatione.
1016 1570 1091 1630 (lum
1126 1590 1208 1650 orgo

177 1661 248 1720 deus
271 1660 367 1718 Adam
391 1661 510 1732 creavit,
540 1661 637 1719 Adam
665 1661 850 1720 dilectionem
879 1681 1015 1737 magnam
1040 1661 1071 1719 in
1092 1679 1207 1735 sopore

175 1749 309 1825 habebat,
333 1768 400 1808 cnm
424 1749 495 1809 deus
518 1769 652 1826 soporem
675 1751 706 1808 in
728 1751 827 1826 ipsum
847 1751 938 1810 misit.
984 1750 1024 1808 nt
1040 1749 1111 1809 deus
1127 1751 1207 1812 fecit

175 1841 301 1899 formam
324 1838 361 1897 ad
380 1838 565 1898 dilectionem
582 1839 648 1909 viri,
672 1849 702 1898 et
725 1841 766 1898 sie
788 1839 900 1898 femina
920 1839 1038 1898 dilectio
1064 1838 1121 1897 viri
1142 1846 1204 1899 est.

176 1929 216 1988 Et
242 1948 311 1988 mox
333 1947 401 1987 cum
424 1928 534 1987 femina
556 1929 686 1987 formata
708 1933 760 2004 est,
788 1929 933 1988 virtutem
960 1928 1044 1986 illam
1072 1929 1202 1988 creatio·

135 2019 163 2070 20
176 2019 222 2076 nis
246 2018 318 2077 dens
340 2018 406 2076 viro
430 2017 519 2093 dedit,
550 2022 586 2077 ut
616 2017 771 2076 dilectione
802 2037 862 2088 sua,
895 2036 970 2093 quae
1003 2017 1112 2076 femina
1144 2023 1203 2094 est,

174 2107 252 2166 filios
274 2110 467 2181 procrecarct.
514 2105 590 2165 Cum
612 2107 691 2165 enim
712 2107 808 2165 Adam
831 2106 960 2183 inspexit
983 2106 1085 2177 Evam,
1113 2110 1202 2166 totus

175 2195 320 2270 sapientia
335 2195 475 2271 impletus
491 2198 543 2266 eat,
568 2195 638 2272 quia
653 2199 787 2268 matrem,
811 2215 864 2272 per
881 2215 971 2271 quam
985 2195 1061 2254 fflios
1076 2214 1199 2270 procre-

175 2303 224 2342 are
255 2285 391 2360 debebat,
419 2285 555 2360 inspexit.
606 2283 681 2344 Cum
707 2289 807 2344 autem
838 2286 901 2344 Eva
928 2285 1056 2360 inspexit
1089 2283 1201 2362 Adam,

175 2373 217 2432 sic
241 2392 309 2433 eum
335 2373 472 2448 inspexit,
507 2374 592 2450 quasi
619 2374 650 2430 in
678 2375 792 2432 caelum
814 2374 937 2446 videret
971 2379 1000 2432 et
1032 2378 1067 2432 ut
1099 2374 1202 2433 anima

133 2469 162 2514 25
175 2481 292 2522 sursum
314 2463 418 2534 tendit,
442 2483 519 2539 quae
542 2462 678 2522 caelestia
700 2463 856 2538 desiderat,
881 2463 1021 2539 qnoniam
1044 2481 1109 2536 spes
1132 2463 1200 2523 eius

174 2556 237 2610 erat
267 2551 304 2610 ad
335 2551 444 2615 virum.
489 2553 529 2610 Et
559 2552 626 2610 ideo
659 2571 718 2609 una
750 2552 868 2611 dilectio
892 2553 950 2610 erit
973 2557 1003 2610 et
1026 2569 1086 2610 esse
1109 2551 1201 2612 debet

172 2641 231 2700 viri
254 2645 284 2701 et
306 2641 431 2700 feminae
454 2644 484 2699 et
506 2659 566 2700 non
589 2641 691 2702 aliena.
736 2640 794 2700 Sed
817 2642 935 2700 dilectio
958 2641 1016 2699 viri
1039 2640 1076 2699 ad
1105 2641 1197 2702 dilec-

172 2729 283 2788 tionem
306 2730 432 2789 feminae
460 2731 491 2788 in
519 2730 616 2789 calore
644 2729 756 2790 ardoris
788 2735 833 2789 est
868 2731 952 2789 velut
980 2730 1058 2807 ignis
1090 2730 1196 2790 arden-

173 2818 250 2877 tium
272 2819 426 2895 montinm,
451 2820 506 2900 qni
528 2819 647 2877 difficile
670 2819 805 2896 extingui
826 2822 932 2896 posset,
961 2819 998 2877 ad
1021 2820 1119 2896 ignem
1140 2819 1198 2898 lig-

131 2915 158 2959 30
172 2926 287 2981 norum,
312 2907 364 2983 qui
387 2908 474 2967 facile
502 2908 699 2985 extinguitur;
730 2909 848 2968 dilectio
876 2912 977 2968 autem
1006 2909 1128 2967 feminae
1157 2911 1199 2970 ad

172 2996 360 3056 dilectionem
393 2997 450 3056 viri
484 3001 520 3056 ut
542 2997 639 3056 suavis
663 2999 742 3057 calor
774 2998 809 3056 de
843 2997 904 3056 sole
938 2998 1105 3074 procedens,
1141 3001 1198 3076 qui

171 3085 286 3144 fructus
309 3085 455 3161 producit,
484 3086 521 3144 ad
545 3086 784 3146 ardentissimum
806 3087 905 3164 ignem
928 3087 1087 3164 lignorum,
1106 3098 1194 3162 ‘quo-

171 3175 250 3233 niam
282 3178 312 3234 et
341 3176 406 3250 ipsa
435 3175 566 3234 suaviter
597 3176 628 3234 iu
660 3177 745 3249 prole
775 3175 892 3235 fructus
914 3177 1037 3251 profert.
1083 3175 1194 3253 Magna

171 3267 271 3322 eutem
294 3264 421 3335 dilectio,
445 3284 520 3340 quae
543 3265 574 3322 in
596 3265 694 3323 Adam
716 3269 787 3338 erat,
811 3286 879 3325 cum
902 3266 964 3324 Eva
988 3265 1023 3324 de
1045 3266 1109 3342 ipso
1131 3269 1192 3325 exi·

130 3353 224 3428 35vit‚
249 3356 279 3412 et
301 3353 424 3412 dulcedo
448 3354 563 3429 soporis
585 3354 676 3430 illius,
700 3374 760 3431 qua
781 3358 854 3414 tunc
870 3354 1018 3426 dormivit,
1042 3355 1073 3413 in
1095 3359 1191 3415 nans-

171 3436 318 3518 greasione
348 3443 411 3502 eiua
441 3443 472 3502 in
495 3444 676 3503 contrarium
699 3444 821 3503 modum
844 3443 1006 3503 dulcedinis
1030 3463 1113 3503 versa
1136 3449 1191 3508 est.

170 3532 209 3590 ut
231 3531 305 3608 ideo,
329 3532 400 3607 qnia
422 3533 469 3591 vir
491 3532 566 3592 hanc
588 3552 726 3610 magnam
749 3532 934 3593 dulcedinem
955 3534 985 3591 in
1010 3551 1039 3592 se
1055 3532 1145 3592 sentit
1160 3536 1195 3592 et
