2662 3932
194 127 257 206 1⁵2
579 122 824 181 uranaoasms

192 325 226 366 eo
249 309 328 382 sunt,
351 308 517 366 commovet
539 310 630 382 atque
652 306 745 381 ipsius
768 307 881 382 eibum,
910 327 999 384 quem
1021 307 1125 384 sumit,
1153 329 1215 370 neo

191 399 273 454 reato
297 398 327 454 et
349 395 479 454 naturali
501 396 628 454 introitu
651 396 803 470 permittit
824 396 1009 456 stomachum
1023 397 1136 456 intrare
1152 417 1212 458 nee

192 487 272 543 reoto
296 487 326 543 et
348 485 478 544 naturali
501 485 583 544 exitu
605 485 692 556 exire,
715 484 766 544 sed
787 486 860 544 facit
883 504 951 544 eum
966 486 1161 546 fluctuantem
1177 493 1214 546 et

191 574 409 645 turbulentum,
421 574 506 633 velut
516 573 602 650 putei
616 578 647 633 et
661 575 785 649 plateae,
797 578 888 651 atque
903 574 1026 634 vitalem
1042 577 1073 634 et
1087 581 1213 635 natura·

165 662 253 721 5lem
275 663 423 722 aeremia
447 681 481 722 eo
504 665 647 738 attenuat,
671 665 702 722 et
724 662 791 722 ideo
814 665 905 722 etiam
928 663 1011 722 cibus
1034 664 1072 722 ad
1094 669 1214 726 reatem

193 755 223 811 et
245 752 409 811 naturalem
433 751 627 828 digestionem
649 752 680 810 in
702 753 767 828 ipso
784 753 907 829 excoqui
922 771 979 812 non
995 756 1102 829 potest,
1126 756 1212 814 unde

194 840 283 900 etiam
306 841 480 900 semicoctas
502 845 532 900 et
555 841 641 916 quasi
662 841 760 900 tenuis
783 841 881 900 fluxus
904 841 940 900 ab
963 841 1027 917 ipso
1044 843 1222 919 egreditur..

257 931 302 990 De
325 931 510 993 dissinteria.
555 929 706 1000 Quaedam
729 935 829 989 autem
856 930 1038 1007 gracillimae
1060 950 1154 992 venae
1177 937 1212 992 et

191 1019 367 1096 sanguineae
382 1019 557 1093 outeeulam,
573 1019 685 1078 sailioet
707 1019 914 1095 membranam,
930 1020 961 1078 in
977 1039 1037 1095 qua
1052 1020 1212 1080 cerebrum

151 1120 177 1163 ιο
190 1107 317 1166 hominis
339 1108 525 1168 reconditum
548 1110 606 1183 est,
638 1107 835 1183 circumdant,
868 1111 899 1167 et
921 1109 975 1166 hae
1005 1109 1110 1168 infixae
1138 1115 1215 1170 sunt

192 1197 258 1256 aliis
280 1197 444 1256 maioribus
466 1197 558 1264 venis.
582 1216 659 1273 quae
681 1197 719 1255 ad
741 1215 793 1256 eor
815 1200 845 1256 et
868 1196 904 1255 ad
928 1197 1010 1257 ieeur
1032 1200 1063 1257 et
1085 1198 1124 1256 ad
1142 1202 1212 1274 pul·

191 1305 309 1345 monem
331 1289 362 1346 et
384 1286 421 1344 ad
445 1285 628 1345 stomaohum
651 1289 742 1362 atque
765 1285 802 1344 ad
824 1287 964 1346 universa
986 1287 1048 1346 eius
1068 1287 1214 1348 intestina

191 1375 379 1447 descendunt,
414 1378 444 1434 et
472 1375 646 1451 sanguinem
677 1376 721 1434 ita
749 1375 911 1434 maioribus
940 1377 1021 1435 venis
1052 1376 1113 1436 illis
1141 1379 1212 1438 sub·

190 1464 367 1538 ministrant,
391 1465 474 1523 velut
498 1464 620 1541 quidam
642 1464 728 1539 parvi
750 1464 849 1536 rivuli,
881 1465 935 1541 qui
963 1483 1055 1541 aquas
1078 1484 1146 1525 suas
1171 1468 1211 1526 ad

150 1564 177 1608 15
191 1553 303 1612 maiora
325 1553 448 1610 flumina
471 1552 617 1614 deferunt
660 1553 786 1612 Maiores
810 1557 910 1612 autem
933 1554 1001 1614 illae
1024 1572 1114 1614 venae
1138 1563 1213 1616 sunt

193 1642 279 1718 quasi
300 1661 409 1719 magna
431 1643 561 1714 flumine,
586 1661 661 1719 quae
685 1643 796 1701 fluenta
819 1661 873 1701 sua
896 1663 950 1718 per
973 1642 1140 1719 provincias
1157 1645 1212 1704 du-

191 1732 274 1806 aunt,
296 1735 327 1790 et
349 1735 385 1790 ut
409 1731 530 1807 canales,
553 1731 659 1807 quiin
684 1731 816 1790 aedificia
838 1750 947 1808 aquam
968 1736 1090 1808 portant
1113 1736 1144 1791 et
1167 1735 1212 1794 ibi

190 1820 353 1883 effundunt.
409 1819 485 1880 Oum
519 1840 589 1898 ergo
621 1821 694 1878 mali
724 1821 862 1880 humores
894 1821 925 1878 iu
956 1822 1057 1897 aliquo
1090 1822 1212 1882 homine
1329 1883 1330 1898 ,

190 1909 515 1986 superhabundaverint
547 1914 577 1970 et
602 1910 732 1986 reliquas
764 1910 868 1982 febres,
901 1929 976 1986 quae
999 1911 1030 1969 in
1052 1909 1105 1970 illo
1130 1917 1210 1986 sunt,
1329 1917 1330 1920 ’

149 1999 220 2058 asin
243 2000 468 2058 commotionem
491 1999 638 2075 dederint,
668 2003 742 2058 tuno
768 1999 852 2058 velut
881 1999 1030 2076 quandam
1057 2001 1087 2058 et
1109 2000 1209 2061 incon-

130 2095 131 2098 ’
190 2108 296 2165 gruem
310 2088 535 2148 inundationem
548 2088 580 2146 in
600 2107 634 2147 eo
649 2090 763 2163 parant,
788 2106 863 2164 quae
879 2088 1027 2164 quendam
1037 2090 1166 2164 spissum
1178 2094 1210 2150 et

189 2178 302 2235 maium
325 2178 441 2236 fumum
464 2177 662 2253 fumigantem
677 2177 714 2235 ad
730 2177 883 2236 cerebrum
899 2177 980 2246 illius
996 2195 1119 2256 surgere
1135 2180 1209 2240 faoit

190 2269 220 2324 et
244 2285 319 2342 quae
343 2267 464 2325 venulas
488 2265 562 2340 illas,
599 2285 675 2341 quae
698 2265 853 2325 cerebrum
875 2267 1076 2344 circumdent,
1106 2287 1208 2328 omues
1328 2267 1329 2270 ’

189 2355 221 2413 in
244 2355 427 2414 eontrarium
448 2355 571 2413 modum
600 2355 803 2414 fluctuationis
825 2355 925 2418 vertit.
970 2356 1053 2415 Tune
1076 2358 1206 2434 sanguis,

147 2457 175 2501 25
192 2444 246 2521 qui
273 2444 303 2502 in
332 2444 404 2519 ipsis
436 2446 489 2518 est,
521 2462 614 2519 supra
642 2443 765 2502 modum
797 2445 920 2504 effluens
951 2444 1077 2504 maiores
1108 2465 1206 2518 venas,

192 2534 301 2609 quibus
316 2534 405 2609 ipsae,
430 2536 466 2592 ut
480 2533 666 2607 praedictum
682 2536 734 2608 est,
757 2533 862 2591 infixae
883 2537 960 2609 sunt,
983 2552 1083 2593 omnes
1099 2539 1206 2607 movet,

190 2623 233 2680 ita
264 2623 343 2698 quod
376 2625 406 2681 et
429 2622 496 2680 illae
524 2622 554 2680 in
579 2623 756 2681 eontrarium
778 2622 1001 2682 inundationem
1023 2623 1154 2683 effluunt
1177 2629 1207 2684 et

190 2711 272 2786 quod
295 2711 468 2787 sanguinem
491 2729 579 2770 suum
602 2730 654 2787 per
676 2714 774 2770 totum
797 2729 905 2787 eorpus
929 2711 1100 2772 diffundunt
1123 2718 1154 2773 et
1169 2714 1206 2772 ad

189 2799 331 2859 intestina
353 2803 383 2858 et
405 2800 442 2859 ad
465 2799 658 2875 digestionem
683 2800 834 2863 emittunt.
879 2800 919 2860 Et
942 2801 984 2860 sie
1006 2802 1129 2879 sanguis
1152 2803 1205 2862 ille

148 2899 176 2944 30
190 2888 337 2946 intestinis
361 2892 391 2948 et
413 2888 574 2948 visceribus
598 2909 632 2948 ae
652 2889 812 2967 digestioni
827 2891 991 2964 permixtus
1007 2891 1204 2968 digestionem

187 2977 376 3054 sanguineam
400 2978 481 3053 faoit,
504 2979 548 3037 ita
570 2978 651 3054 quod
674 2980 764 3038 etiem
786 2979 849 3055 ipse
871 2979 993 3056 sanguis
1016 2999 1085 3039 eum
1108 2979 1204 3058 diges-

185 3066 266 3126 tione
289 3066 450 3143 egreditur.

252 3156 297 3215 De
320 3157 507 3229 oemoptoico.
551 3155 609 3215 Sed
636 3177 705 3216 oum
732 3157 803 3214 mali
834 3160 864 3216 et
891 3158 1023 3217 oonoreti
1052 3175 1087 3216 ao
1117 3176 1206 3219 vene·

184 3245 249 3304 nosi
272 3245 411 3305 humores
434 3245 465 3304 in
480 3246 599 3306 homine
621 3245 953 3322 superhabundaverint
977 3247 1122 3324 sanguini,
1148 3249 1203 3324 qui

144 3345 171 3391 35
186 3353 239 3409 per
262 3353 350 3394 venas
373 3336 505 3411 eorporis
529 3335 677 3408 disoumit,
699 3337 814 3396 reatum
838 3339 969 3395 meatum
996 3337 1146 3407 auferunt,
1170 3341 1202 3396 et

185 3423 311 3483 eundem
334 3426 507 3502 sanguinem
529 3425 632 3485 vitalia
654 3429 685 3486 et
707 3426 819 3485 viseera
839 3425 951 3486 iniusto
968 3425 1072 3485 itinere
1088 3425 1203 3485 intrare

191 3517 311 3590 cogunt,
339 3514 417 3574 unde
440 3514 527 3598 inemo
550 3515 601 3574 ille
623 3534 677 3591 per
699 3514 913 3576 excreationem
936 3519 966 3574 et
989 3534 1043 3591 per
1065 3515 1202 3574 nausiam
