2668 3924
227 179 290 239 198
612 172 857 228 HILDEGARDIS

130 349 132 354 ’
224 358 388 418 merlebecca
416 360 446 416 εὴ
474 359 587 419 otcwur
608 358 654 416 bis
682 360 800 416 tantum
822 361 858 417 nt
880 358 1044 417 merlinsen
1068 362 1098 417 et
1120 376 1244 434 synape,

226 447 308 522 quod
330 447 362 504 in
385 465 488 522 campo
516 449 634 523 erescit,
662 448 763 506 eodem
794 447 922 524 pondere
950 449 986 505 ut
1013 445 1126 508 aicwcr
1149 450 1245 523 atque
1323 463 1324 512 ς

223 535 356 612 herbam,
381 535 447 609 '<in
471 541 552 612 qua>
590 537 715 597 cleddaa
738 538 884 612 crescunt,
913 536 1019 608 minue,
1049 556 1141 612 quam
1163 555 1245 598 mn·
1323 563 1324 572 ³

224 620 404 708 liberarit]

196 727 210 770 c
290 715 336 774 Dc
363 716 413 774 dra
442 719 469 774 et
494 716 629 777 castrata.
681 714 756 774 Cum
783 715 892 790 aliquis
918 714 1007 773 homo
1034 714 1064 772 in
1087 713 1164 772 iram
1190 719 1244 774 aut

223 803 255 861 in
277 803 433 862 tristitiam
456 807 645 881 provocatur,
679 823 748 863 mox
770 805 874 863 vinum
905 804 944 862 ad
966 804 1064 880 ignem
1087 803 1244 863 calefaciat

224 895 254 950 et
275 893 390 952 modice
412 893 522 969 frigida
545 913 623 969 aqua
646 894 831 952 commisceat
854 896 884 952 et
906 892 997 968 bibat,
1020 895 1050 952 εὴ
1072 891 1114 951 sic
1136 892 1242 953 fumus

223 983 425 1058 melancoliae,
450 983 502 1058 qui
523 983 555 1040 in
578 1001 611 1041 ao
636 982 673 1040 ad
695 983 771 1041 iram
794 983 931 1054 surrexit,
956 981 1162 1057 compescitur.

294 1072 339 1130 De
360 1073 419 1134 ira.
465 1071 523 1141 Qui
553 1074 653 1130 autem
675 1072 706 1128 in
732 1071 777 1130 ira
800 1072 842 1130 ita
874 1074 1018 1143 movetur,
1054 1070 1136 1147 quod
1172 1071 1243 1130 inde
1322 1093 1324 1108 ⁴

185 1171 212 1217 10
226 1159 353 1219 dolendo
369 1160 545 1234 infirmatur,
569 1160 695 1236 accipiat
716 1161 819 1220 baccas
841 1161 921 1218 lauri
943 1162 973 1219 et
995 1177 1043 1218 eas
1058 1178 1148 1235 super
1162 1160 1241 1237 igni-

223 1253 290 1308 tum
312 1251 440 1308 laterem
469 1248 609 1308 arefaciat
638 1252 693 1320 (ac
721 1250 810 1309 etiam
838 1249 943 1308 herbas
971 1249 1078 1308 salviae
1106 1252 1136 1307 et
1161 1268 1243 1307 ama·
1323 1269 1324 1324 ς

223 1339 306 1410 caci>
344 1357 378 1397 ac
400 1357 448 1396 eas
472 1337 510 1396 ad
532 1337 624 1397 solam
647 1339 768 1398 siccatas
790 1339 955 1415 pulverizet
977 1341 1067 1414 atque
1087 1338 1244 1413 pulverem

224 1429 320 1485 istum
344 1430 374 1486 et
397 1427 489 1484 alium
511 1428 697 1503 praedictum
719 1430 872 1505 pulverem
895 1428 931 1486 de
958 1427 1055 1487 baccis
1077 1427 1157 1485 lauri
1180 1427 1241 1486 fac·
1323 1455 1324 1506 3

227 1520 292 1574 tum
315 1517 346 1574 in
368 1516 499 1592 pixidem
521 1517 611 1575 simul
633 1520 734 1593 ponat,
762 1518 807 1576 ita
839 1517 920 1593 qnod
952 1517 1052 1593 pulvis
1084 1516 1244 1575 baccarum
1323 1517 1324 1542 ¹

185 1618 213 1662 15
226 1605 305 1663 lauri
327 1605 482 1680 pulverem
505 1606 614 1666 salviae
636 1607 757 1682 excedat
780 1610 810 1665 εὴ
832 1607 932 1682 pulvis
956 1605 1063 1665 salviae
1086 1605 1244 1680 pulverem
1323 1683 1324 1696 ,

229 1695 362 1767 amaraci,
386 1697 416 1754 εὴ
431 1697 472 1754 sic
487 1695 607 1754 naribus
623 1697 685 1754 suis
700 1700 823 1772 propter
840 1697 949 1754 bonum
966 1695 1085 1754 odorem
1101 1700 1242 1770 apponat.

224 1783 337 1842 Deinde
352 1803 470 1860 quoque
485 1789 602 1860 partem
617 1785 748 1844 eiusdem
763 1785 897 1860 pulveris
913 1784 1028 1843 modico
1043 1784 1113 1843 vino
1129 1784 1241 1860 frigido

224 1874 359 1949 imponat
381 1877 411 1932 et
434 1875 475 1932 sic
499 1875 693 1950 commisceat,
716 1893 749 1933 ac
772 1891 841 1932 cum
863 1874 917 1932 illo
947 1874 1077 1931 frontem
1105 1875 1135 1931 εὴ
1162 1876 1236 1931 tam·

224 1980 297 2038 pora
321 1982 353 2022 ac
376 1969 479 2039 pactus
507 1983 595 2023 suum
623 1966 780 2040 perungat.
826 1961 903 2021 Nam
930 1962 1035 2021 baccae
1063 1961 1141 2020 lauri
1170 1963 1239 2021 cali-
1323 1951 1324 1964 ¹

184 2062 212 2108 tc
225 2053 293 2109 darn
319 2057 349 2111 et
371 2053 478 2110 siccam
500 2053 663 2112 siccitatem
686 2051 795 2110 habent
818 2055 848 2110 et
869 2052 1017 2123 humores,
1041 2069 1115 2126 qnos
1138 2051 1185 2110 ira
1206 2051 1238 2109 in

225 2141 343 2199 homine
365 2142 493 2212 arefecit,
517 2141 675 2216 humectat,
699 2145 728 2200 εὴ
751 2142 832 2199 calor
855 2141 981 2200 amaraci
1010 2140 1163 2199 cerebrum
1185 2160 1240 2216 per

225 2231 301 2287 iram
336 2231 517 2288 commotum
550 2231 634 2290 sedat
666 2234 696 2289 εὴ
729 2230 824 2290 siccus
852 2231 933 2289 calor
960 2229 1069 2288 salviae
1091 2229 1240 2305 humores,

227 2337 301 2394 quos
324 2319 370 2377 ira
393 2319 547 2389 destruxit,
571 2322 739 2397 congregat.
784 2320 824 2378 Et
839 2338 908 2380 cum
922 2319 1027 2379 baccae
1049 2318 1127 2377 lauri
1151 2338 1241 2395 super
1323 2359 1324 2384 ,

226 2408 358 2485 ignitum
381 2409 504 2466 laterem
526 2412 649 2484 propter
671 2410 840 2480 sanitatem,
869 2429 945 2485 qnae
967 2409 998 2466 in
1020 2409 1086 2482 ipso
1111 2411 1164 2484 est,
1195 2428 1239 2467 ex·

186 2509 213 2552 25
227 2498 374 2556 siccantur
397 2500 426 2556 et
449 2516 516 2555 cum
540 2517 675 2557 amaraco
699 2501 729 2556 et
752 2499 844 2557 salvia
860 2499 897 2556 ad
913 2499 1004 2556 solem
1019 2499 1142 2573 propter
1157 2497 1240 2556 forti-
1323 2555 1324 2572 ,

226 2586 362 2645 tudinem
384 2587 475 2661 illius,
510 2590 546 2645 ut
572 2588 739 2662 praefatum
770 2592 822 2660 est,
855 2591 1016 2663 ponuntur,
1050 2589 1080 2644 εὴ
1108 2605 1174 2644 cum
1200 2587 1240 2668 sic
1323 2593 1324 2626 i

226 2678 438 2751 temperantur,
462 2676 539 2734 bono
557 2677 652 2736 calore
667 2695 720 2736 suo
735 2677 917 2753 praedictam
932 2675 1136 2734 infirmitatem
1158 2675 1238 2734 miti·
1323 2701 1324 2736 r

227 2766 306 2840 gant.
348 2765 387 2823 Et
415 2765 505 2824 etiam
527 2765 627 2841 pulvis
651 2785 753 2825 aarum
775 2785 833 2825 non
857 2765 998 2825 calefacto
1022 2765 1091 2824 vino
1114 2770 1240 2841 propter
1323 2783 1324 2820 r

226 2855 393 2913 naturalem
424 2856 603 2914 suavitatem
636 2857 700 2915 eius
733 2858 914 2930 temperatus
948 2873 1037 2914 venas
1072 2854 1182 2912 frontis
1210 2857 1240 2912 ot
1323 2919 1324 2922 Ἴ

186 2954 213 2999 30
226 2961 314 3001 venas
330 2946 499 3018 temporum
516 2963 549 3002 ac
563 2963 651 3003 venas
666 2945 802 3021 pectoris,
825 2963 902 3020 quae
918 2963 972 3019 per
986 2945 1062 3001 iram
1078 2947 1239 3002 commotae
1323 2991 1324 3030 ἶ

227 3036 305 3107 sunt,
330 3033 440 3107 sedant,
464 3035 500 3091 ut
521 3034 688 3109 praefatum
712 3037 764 3096 est.

293 3122 338 3180 De
361 3122 510 3181 oculorum
539 3123 666 3196 callaina
688 3140 724 3182 cra
745 3125 823 3194 fleta.
872 3115 961 3202 beai
990 3121 1025 3179 de
1053 3121 1127 3180 fietu
1155 3122 1239 3180 lacri-
1294 3105 1324 3212 ,ἕ

226 3231 343 3268 marum
367 3211 399 3268 in
423 3211 516 3270 oculis
539 3212 655 3288 caligat,
678 3211 727 3270 hic
749 3211 940 3270 millefolium
962 3211 1010 3269 vel
1031 3209 1160 3269 radicem
1176 3211 1240 3270 eins

227 3301 354 3376 accipiat
380 3303 411 3358 et
433 3300 471 3358 ad
494 3319 616 3359 succum
638 3301 753 3359 modice
775 3300 883 3358 tundat
906 3300 1061 3358 attritam
1086 3300 1179 3359 oculis
1203 3299 1239 3358 ad

186 3399 214 3444 35
227 3393 343 3447 noctem
366 3392 555 3464 superponat,
578 3389 621 3447 ita
643 3393 743 3448 tamen
765 3409 802 3448 ne
825 3407 930 3447 succus
954 3389 1017 3448 eius
1040 3389 1141 3448 oculos
1164 3390 1239 3448 inte-

299 3579 321 3649 1)
340 3598 366 3634 v.
379 3579 479 3650 sa-p.
493 3579 565 3648 noa
585 3603 619 3624 =
636 3579 732 3650 usgue
753 3580 820 3633 1175
840 3577 972 3632 u-ure
992 3536 1016 3631 c
1099 3541 1102 3548 ’
