2668 3924
229 157 291 216 240
614 149 861 206 HILDEGARDIS

229 335 324 394 tristis
346 337 465 394 estnec
488 335 630 394 consolari
654 337 764 410 potest3
795 338 825 394 et
847 338 942 394 rectas
969 334 1157 395 infirmitates
1185 356 1247 396 non

227 424 355 498 habebit,
379 423 430 483 sed
454 423 490 482 de
518 424 642 484 tristitia
665 423 772 482 mentis
801 441 871 483 suae
893 424 1044 483 interdum
1067 425 1248 500 infirmatur,

227 521 257 572 et
279 514 321 572 sio
343 513 396 572 diu
418 513 507 573 rivet.
538 510 570 570 Si
593 515 693 571 autem
715 512 825 572 femina
848 513 900 588 ὁεὴ,
924 513 960 572 eb
985 514 1052 572 aliis
1074 514 1247 574 hominibus

227 603 384 676 amabitur,
417 602 467 662 sed
500 601 606 661 timida
629 605 660 660 et
682 601 810 661 sollicita
832 603 891 661 erit
911 620 965 661 nec
986 621 1016 662 se
1038 604 1133 679 ipsam
1157 605 1247 664 corri-

200 702 296 768 cgere
327 693 389 766 scit,
421 692 464 751 ita
493 694 530 750 ut
555 692 616 750 fere
645 691 777 750 timendo
804 692 924 767 periret,
956 691 982 750 si
1009 693 1098 752 etiem
1121 712 1196 769 puer
1220 697 1248 753 ei

226 781 403 853 minaretur;
433 785 464 840 et
485 799 545 840 non
567 781 698 839 multum
720 780 752 837 in
775 798 898 856 corpore
921 781 1097 856 infirmatur,
1131 782 1183 841 sed
1212 783 1249 841 de

226 870 349 928 tristitia
377 870 405 928 in
431 873 528 929 mente
549 873 693 947 gravatur
716 871 746 927 et
767 869 811 927 ita
833 869 983 928 interdum
999 870 1191 944 debilitatum
1217 877 1249 932 θὴ

226 959 269 1018 sic
292 959 344 1017 diu
365 959 456 1021 vivet.

322 1048 468 1108 Vicesimu
499 1048 639 1111 secundo.
693 1047 750 1117 Qui
782 1047 813 1106 in
844 1048 984 1108 vicesima
1015 1049 1143 1108 secunda
1174 1051 1249 1109 luna

189 1146 216 1192 10
229 1137 402 1213 concipitur,
431 1137 456 1196 si
479 1137 627 1196 masculus
655 1140 707 1210 est,
738 1135 849 1211 duplex
878 1136 908 1195 in
940 1141 1038 1197 mente
1066 1139 1123 1197 erit
1155 1141 1186 1198 et
1216 1139 1249 1198 in

228 1225 312 1285 bellis
341 1226 425 1285 velut
451 1226 515 1298 ille,
552 1226 604 1302 qui
635 1225 667 1283 in
694 1224 772 1284 bello
800 1225 919 1285 fortiter
945 1245 1004 1286 non
1032 1229 1160 1303 pugnat3
1195 1228 1248 1286 sed

228 1315 389 1374 secundum
411 1315 476 1390 hoc,
501 1314 582 1391 quod
604 1314 647 1372 ibi
669 1314 700 1372 in
723 1315 921 1390 prosperitate
936 1315 1019 1374 videt
1040 1319 1070 1375 et
1085 1316 1249 1376 secundum

229 1403 310 1480 quod
333 1405 363 1462 in
386 1404 583 1480 prosperitate
606 1404 768 1480 cognoscit,
798 1403 841 1462 ita
868 1421 898 1462 εθ
926 1403 963 1462 ad
990 1404 1122 1464 homines
1145 1405 1249 1479 habet3

230 1498 260 1552 et
282 1497 318 1551 ut
341 1512 413 1551 aura
435 1495 579 1565 mutatur,
610 1492 652 1552 sio
681 1511 763 1552 mens
792 1492 855 1552 eius
890 1497 947 1566 θεὴ;
981 1493 1032 1553 sed
1060 1498 1160 1552 tamen
1193 1496 1246 1554 eli·

191 1585 377 1658 inquantum
400 1581 512 1658 probus
535 1586 589 1654 est,
612 1582 744 1642 sednon
767 1582 898 1640 multum
919 1582 1054 1642 amabilis
1068 1583 1248 1660 hominibus,

231 1677 260 1730 et
282 1672 314 1729 in
336 1689 461 1746 corpore
484 1689 573 1731 sanus
597 1674 642 1730 est
664 1674 695 1730 et
717 1670 770 1728 diu
793 1671 881 1731 vivet.
922 1671 954 1730 si
977 1690 1047 1732 vero
1070 1672 1180 1732 femina
1196 1679 1249 1750 est,

230 1760 324 1819 inanis
347 1763 377 1820 et
399 1779 493 1820 vacua
515 1761 546 1819 in
569 1760 702 1819 moribus
724 1760 786 1819 suis
809 1764 854 1820 θεὴ
877 1759 960 1818 etin
982 1761 1092 1820 eisdem
1113 1763 1250 1824 moribus

230 1851 291 1909 suis
306 1849 439 1909 homines
453 1849 509 1909 sibi
525 1848 651 1909 attrahit
666 1852 696 1907 et
716 1867 775 1908 non
799 1848 830 1906 in
851 1848 1053 1922 fornicatione,
1076 1855 1106 1909 et
1120 1849 1249 1911 libenter

229 1940 382 2015 mentitur,
393 1943 423 1998 et
437 1939 524 1998 facile
540 1957 644 2016 graves
659 1938 845 1998 infirmitates
861 1938 996 2015 incurrit,
1011 1942 1047 1998 ut
1061 1930 1249 2001 infirmitates

191 2030 302 2088 nsunt
323 2029 531 2088 freneticorum
555 2032 587 2087 et
608 2046 719 2098 eorum,
743 2045 870 2103 quorum
895 2046 996 2088 carnes
1018 2048 1132 2088 vermes
1156 2048 1249 2090 come·

231 2118 314 2185 dunt
337 2121 367 2176 et
389 2116 442 2175 diu
464 2118 554 2178 vivet.

325 2205 472 2266 Vioeaimo
502 2207 598 2268 tertia
643 2205 701 2275 Qui
728 2205 760 2264 in
789 2205 928 2264 vicesima
958 2207 1049 2266 tertia
1081 2207 1153 2266 luna
1183 2226 1249 2268 oon-

231 2295 350 2370 eipitur,
366 2295 392 2354 si
414 2295 563 2354 masculus
586 2297 638 2370 cst,
662 2293 822 2353 benevolus
847 2294 905 2353 erit
926 2298 956 2354 et
978 2313 1098 2355 suarem
1119 2300 1248 2357 mentem

231 2382 351 2443 habebit
382 2386 412 2442 et
443 2383 480 2442 ad
511 2384 623 2443 bonum
655 2382 811 2442 consilium
841 2382 967 2443 libenter
997 2403 1028 2444 se
1057 2385 1187 2445 declinat
1219 2391 1249 2446 θὴ

191 2482 220 2526 25
233 2477 334 2533 contra
357 2474 435 2532 mala
456 2474 550 2533 nescit
571 2474 603 2531 in
626 2472 690 2531 aliis
711 2472 836 2532 astutias
860 2472 990 2532 devitare
1012 2476 1043 2532 et
1065 2494 1083 2532 a
1105 2472 1249 2536 felicitate

230 2581 288 2620 non
313 2561 419 2638 deficit,
443 2562 493 2621 sed
516 2566 614 2622 tamen
630 2561 803 2620 felicitatem
819 2561 868 2620 vix
883 2561 1004 2635 retinet;
1028 2565 1060 2621 et
1078 2563 1109 2622 in
1124 2581 1249 2639 corpore

231 2651 317 2710 facile
349 2651 524 2723 infirmatur,
554 2651 606 2711 sed
636 2651 695 2710 cito
728 2651 911 2710 convalescet
943 2654 973 2710 θὴ
1004 2651 1058 2710 diu
1080 2653 1169 2712 rivet.
1217 2653 1250 2714 Si

231 2741 331 2798 eutem
353 2741 463 2799 femina
485 2744 542 2813 eat,
566 2739 741 2816 pudibunda
765 2739 822 2798 erit
842 2742 872 2798 et
889 2733 941 2822 [in]
959 2741 1095 2800 omnibus
1111 2743 1249 2803 amabilis

231 2832 354 2904 propter
376 2828 530 2905 pudorem,
555 2849 643 2906 quem
665 2827 767 2900 habet3
790 2827 842 2888 aed
856 2828 887 2888 in
903 2828 1043 2906 superbia
1057 2835 1174 2894 rutrum
1190 2852 1249 2892 non

192 2925 220 2972 ³0
233 2920 277 2976 θεὴ
298 2936 351 2977 nec
374 2920 480 2994 astuta,
503 2917 554 2978 sed
577 2922 675 2978 tamen
691 2919 878 2995 aliquantum
901 2918 973 2977 felix
995 2924 1026 2978 et
1041 2938 1099 2979 non
1114 2921 1248 2980 multum

231 3006 348 3065 infirma
369 3006 401 3064 in
424 3025 556 3084 corpore,
579 3017 608 3066 et
631 3007 684 3065 diu
707 3007 795 3068 viret

326 3096 470 3155 Vicesimc
493 3101 610 3170 quone.
657 3096 715 3166 Qui
737 3095 769 3155 in
792 3095 930 3156 vicesima
952 3099 1060 3173 quarta
1087 3099 1159 3157 luna
1181 3117 1247 3158 oon-

231 3184 350 3261 oipitur‚
373 3185 398 3245 si
414 3186 562 3245 masculus
578 3188 631 3260 est,
653 3182 825 3246 euchraticlc
840 3185 898 3244 erit
912 3189 943 3245 et
956 3191 1073 3248 roesam
1087 3190 1119 3246 et
1132 3206 1248 3265 semper

232 3274 340 3350 studet,
363 3279 399 3334 ut
421 3274 501 3350 apud
524 3294 554 3334 se
577 3275 673 3334 solum
696 3275 778 3334 dives
800 3274 848 3345 sit,
871 3277 901 3333 et
922 3294 1029 3350 parcus
1049 3278 1079 3334 θὴ
1094 3276 1155 3336 fere
1170 3279 1246 3335 nulli
1291 3343 1292 3346 Ἴ

193 3371 220 3416 35
233 3363 345 3423 homini
367 3364 495 3441 prodest,
527 3367 557 3424 et
585 3363 739 3422 infirmitas
763 3364 894 3439 corporis
925 3382 993 3422 eum
1027 3385 1086 3424 non
1116 3367 1246 3425 multum

231 3452 322 3512 laedit
352 3458 382 3513 et
413 3454 485 3513 satis
518 3454 571 3512 diu
598 3453 689 3513 vivet.
743 3452 775 3512 si
802 3471 871 3513 vero
900 3453 1009 3512 femina
1036 3458 1089 3526 θεὴ,
1115 3455 1246 3530 prudens

233 3546 262 3601 et
284 3543 381 3602 listtclc
405 3543 462 3602 erit
485 3547 515 3602 et
537 3542 706 3603 hominibus
727 3542 893 3615 frumcsom
915 3547 1045 3621 apparet,
1074 3544 1124 3604 sed
1147 3547 1245 3604 tamen
