2668 3924
346 157 488 215 CAUSAE
506 159 553 214 ΕΤ
572 157 692 214 OURAE
709 159 776 214 LIB.
795 160 829 214 V.
1027 163 1090 224 241

24 344 28 379 ¹
83 346 120 406 eis
141 366 198 406 non
221 345 356 422 prodest3
380 348 409 404 et
425 364 485 404 non
500 345 631 404 maltum
647 343 762 404 infirma
778 343 947 421 incorpore
963 345 1015 421 est,
1038 343 1088 404 sed

24 458 28 533 ι
81 439 176 496 tamen
199 435 412 513 dragunculam
434 434 584 494 interdum
606 435 747 510 patietur,
775 436 805 493 et
831 434 902 494 satis
926 433 978 494 diu
1000 434 1089 497 vivet.

172 526 317 586 Vicesimc
340 525 453 600 quinta.
499 524 557 594 Qui
586 525 618 583 in
640 524 777 584 vicesima
799 524 904 600 quinta
931 523 1002 583 luna
1024 542 1089 584 con·

24 625 28 634 '
82 616 197 693 cipitur,
229 615 255 676 si
286 615 433 674 masculus
465 617 517 691 est,
550 615 624 676 stole
646 616 677 672 st
696 613 793 687 frcuct
820 613 885 690 erit,
909 616 939 673 et
960 613 1091 690 prudens

24 684 28 738 ¹
81 706 168 779 fieret,
192 704 217 765 si
239 705 368 766 colceitt
391 706 421 765 ct
440 701 582 784 frcuclcit,
607 723 682 780 quae
705 703 737 762 in
753 722 786 763 eo
803 706 881 775 sunt,
904 703 1118 779 prudentiam

24 789 29 827 ¹
79 795 110 853 in
141 795 205 871 ipso
236 797 336 870 (non)
369 794 555 872 dispergunt,
587 794 671 854 velut
701 795 820 865 ventus,
852 792 905 869 qui
938 793 1092 868 pulverem

24 866 28 918 ¹
81 884 231 962 dispergit.
275 885 315 944 Et
302 885 388 944 tsic
419 884 475 944 iste
505 887 557 958 est,
590 883 642 958 qui
668 882 737 959 plus
760 883 834 956 vult,
865 902 954 958 quam
977 882 1091 960 habeat,

80 974 190 1038 scilicet
211 977 248 1034 ut
269 973 361 1050 navis,
385 993 460 1050 quae
483 973 533 1033 vix
554 973 586 1031 in
609 991 686 1050 aqua
707 973 824 1046 haeret,
841 974 877 1046 et
899 972 931 1031 in
953 973 1092 1049 superbia

24 1060 28 1095 ¹
80 1082 163 1140 saepe
186 1063 285 1124 deficit
308 1068 338 1123 et
360 1061 527 1123 hominibus
550 1062 692 1123 molestus
712 1065 818 1139 estet
788 1061 925 1122 etfacile
947 1061 1092 1123 taediosas

24 1150 27 1185 ¹
79 1153 265 1214 infirmitates
288 1153 409 1212 habebit
439 1156 470 1212 et
492 1152 544 1211 diu
571 1171 630 1212 ιιοιι
652 1153 742 1214 vivet.
788 1151 819 1211 si
851 1172 890 1211 au
890 1155 951 1212 tem
983 1152 1092 1212 femina
1105 1160 1132 1206 ιο

24 1218 26 1274 ¹
80 1250 122 1304 est
123 1243 283 1320 ,pulchra
314 1243 388 1304 facie
420 1243 476 1302 erit
499 1245 530 1302 et
552 1242 643 1319 erigit
665 1261 696 1302 se
720 1243 805 1319 quasi
827 1242 859 1300 in
881 1241 1039 1319 probitate,
1063 1246 1092 1302 et

24 1331 169 1412 ¹proba
202 1351 261 1392 non
290 1331 459 1409 estquod
487 1350 554 1392 eum
576 1331 709 1407 probitas
737 1332 768 1390 in
792 1351 826 1391 ea
847 1331 1011 1409 quaeritur,
1033 1350 1093 1391 non

24 1420 26 1464 ¹
78 1423 257 1496 invenietur}
286 1425 316 1482 et
344 1426 416 1482 tunc
438 1421 507 1482 odio
530 1421 656 1482 habetur
688 1422 753 1481 et
744 1441 777 1482 ιιι
804 1421 944 1498 superbia
966 1421 1090 1495 deficiet

79 1519 189 1575 etnon
212 1511 372 1572 multum
364 1533 395 1570 ιιι
418 1530 539 1587 corpore
561 1511 678 1570 infirma
701 1514 754 1588 est,
776 1511 908 1572 sednon
930 1511 983 1570 diu
1003 1512 1092 1576 vivet.

173 1603 321 1664 Vicesimc
350 1605 441 1666 sextu.
495 1601 593 1671 Qui·
585 1621 617 1660 ιιι
648 1601 786 1661 vicesima
818 1604 899 1661 sexta
924 1602 996 1660 luna
1026 1620 1091 1662 con·
1106 1611 1133 1656 ιι

79 1694 197 1770 cipitur,
222 1693 246 1752 si
269 1691 417 1752 masculus
433 1694 486 1764 est,
506 1690 636 1767 prudens
652 1691 709 1750 erit
724 1694 754 1751 et
769 1693 837 1767 post
852 1711 988 1768 quaeque
1004 1710 1093 1769 opera

78 1783 239 1861 prudenter
261 1782 372 1860 cogitat
395 1785 426 1842 et
439 1781 526 1840 facile
542 1801 559 1840 a
573 1781 705 1841 febribus
721 1781 865 1859 fatigatur
880 1784 911 1841 et
926 1781 979 1840 diu
992 1781 1093 1842 vivere

79 1875 188 1949 potest.
235 1870 359 1932 sivero
382 1870 493 1930 femina
515 1873 567 1945 est,
598 1870 728 1949 prudens
759 1871 816 1930 erit
846 1873 876 1930 et
907 1870 1033 1931 sollicite
1063 1874 1093 1931 et

79 1961 191 2024 stabilia
215 1963 245 2020 et
266 1964 353 2037 casta,
376 1961 427 2020 sed
446 1979 465 2018 a
483 1961 620 2036 flegmate
635 1961 722 2020 facile
736 1960 882 2038 fatigatur
897 1964 927 2020 et
940 1960 993 2019 diu
1004 1961 1092 2025 vivet.

175 2051 320 2111 Vicesimc
342 2052 476 2125 septima.
507 2051 565 2120 Qui
587 2051 619 2109 in
641 2050 778 2111 vicesima
800 2049 925 2126 septima
939 2051 1011 2110 luna
1026 2069 1092 2111 con·
1105 2059 1133 2106 ιι

33 2156 35 2165 ·
79 2142 200 2217 cipitur,
224 2141 250 2200 si
272 2141 418 2201 masculus
447 2142 499 2216 est,
533 2139 660 2216 pavidus
684 2140 742 2199 erit
769 2142 799 2200 et
822 2139 907 2200 facile
929 2141 1093 2216 mucescit

79 2251 110 2291 se
132 2234 163 2291 et
185 2231 211 2290 ei
234 2230 324 2290 etiam
339 2230 425 2290 facile
438 2234 558 2306 yruwu,
580 2230 630 2290 ssd
645 2231 743 2290 tamen
758 2230 870 2306 probus
891 2231 935 2290 est
954 2233 985 2290 et
999 2231 1092 2308 utilis,

78 2324 109 2381 et
123 2320 160 2380 ab
175 2319 343 2380 hominibus
359 2322 486 2397 amatur,
498 2319 547 2379 sed
563 2339 686 2398 magnae
700 2321 797 2396 pestes
817 2320 901 2379 velut
921 2321 1093 2380 melancolia

78 2431 147 2470 eum
170 2409 256 2470 facile
280 2410 416 2487 fatigent,
444 2413 473 2469 et
497 2409 567 2469 setis
591 2410 643 2468 diu
666 2409 757 2471 vivet.
803 2408 834 2469 si
860 2412 959 2469 eutem
982 2411 1093 2469 femina

77 2505 131 2576 est,
159 2500 294 2560 virtuosa
316 2500 381 2576 erit,
404 2499 448 2560 ita
471 2498 551 2576 quod
574 2499 610 2560 ab
633 2499 803 2559 hominibus
827 2499 984 2573 amabitur,
1007 2499 1090 2560 etin
1104 2509 1132 2554 ιι

77 2609 202 2666 corpore
224 2589 340 2649 infirma
363 2589 428 2666 erit,
451 2589 500 2649 sed
523 2592 621 2648 tumen
644 2589 715 2649 satis
738 2589 790 2648 diu
813 2589 903 2650 vivet.

152 2680 298 2740 Vicestmc
320 2685 429 2740 succa.
475 2679 533 2749 Qui
564 2679 596 2736 in
619 2678 756 2740 vicesima
778 2681 882 2738 octava
903 2679 974 2737 luna
997 2677 1091 2738 eonci-

75 2771 172 2846 pitur,
206 2769 231 2827 si
252 2770 400 2828 musculus
431 2772 483 2841 est
517 2771 671 2828 tortuosus
692 2769 724 2826 in
746 2786 832 2828 sensu
854 2771 885 2828 et
906 2769 937 2826 in
960 2766 1092 2827 moribus

76 2863 107 2920 et
137 2858 169 2916 in
196 2860 283 2935 gestu
310 2877 364 2918 suo
392 2858 450 2918 erit
476 2860 506 2918 et
537 2858 618 2930 fecit,
650 2857 737 2935 quasi
766 2857 935 2933 caryouctct
963 2857 1010 2931 sit,
1041 2857 1092 2916 sed

75 2954 179 3010 tamen
203 2947 273 3007 setis
296 2947 332 3006 dc
355 2965 443 3008 sensu
466 2951 496 3007 et
518 2947 554 3007 de
577 2947 699 3008 scientia
721 2947 758 3007 ad
780 2967 886 3008 nomen
901 2967 989 3008 suum
1003 2947 1132 3008 habetso

74 3058 131 3099 nec
155 3037 248 3096 amari
270 3037 376 3114 potest,
400 3039 430 3097 et
444 3041 556 3114 pestem
576 3039 720 3098 amentiae
734 3037 821 3098 facile
835 3038 961 3098 incurrit
976 3039 1006 3096 et
1020 3037 1092 3097 satis

76 3130 132 3188 diu
156 3126 244 3191 vivet.
291 3125 322 3186 Si
349 3145 418 3188 vero
450 3127 559 3187 femina
582 3131 634 3204 est,
671 3128 755 3187 fatua
789 3131 820 3188 et
849 3128 943 3189 stulta
974 3127 1032 3186 erit
1062 3129 1092 3186 et

74 3216 249 3295 fatigabiles
276 3235 371 3277 mores
398 3216 519 3277 habebit
546 3217 656 3278 neceb
680 3217 849 3278 hominibus
872 3216 963 3277 amari
985 3219 1091 3293 potest,

74 3313 107 3368 et
131 3306 219 3366 facile
243 3306 278 3366 de
301 3307 382 3366 febre
404 3307 552 3385 fatigatur
574 3310 604 3367 t
625 3307 695 3366 setis
718 3326 803 3367 senex
826 3306 891 3370 erit

153 3397 299 3459 Vicesimus
319 3413 410 3458 noua.
457 3396 545 3468 Qui·
536 3417 567 3456 ιιι
590 3397 727 3457 vicesima
741 3416 818 3457 none
831 3398 903 3455 luna
917 3396 1090 3473 concipitur,
1103 3407 1132 3454 35

74 3487 101 3546 si
126 3487 278 3547 masculus
301 3489 355 3564 est,
379 3486 511 3547 curiosus
527 3487 584 3546 erit
599 3489 630 3545 et
642 3488 821 3562 sewundcuc
835 3505 930 3546 mores
945 3489 976 3546 et
990 3489 1091 3564 gestus

24 3571 25 3646 ¹
74 3576 201 3637 habebit
222 3580 253 3637 et
274 3595 366 3637 novos
389 3595 485 3636 mores
508 3577 539 3635 in
561 3576 673 3637 vestitu
696 3577 748 3636 et
740 3597 772 3635 ιιι
787 3575 919 3636 moribus
935 3576 1091 3652 regionum

131 3685 288 3743 Hildegardis
302 3697 390 3733 musae
404 3687 429 3732 et
443 3697 515 3732 aurae
529 3685 568 3730 ed
582 3685 698 3730 Kaisar.
952 3677 985 3732 16
