2662 3932
215 157 255 216 72
599 149 845 207 Hucrcssms

211 335 298 395 chrae
320 334 439 405 formae,
463 354 539 410 quae
562 336 597 396 de
616 337 741 413 pulchro
756 336 839 414 ligno
855 335 896 410 fit,
921 335 1063 412 quoniam
1078 335 1227 398 diabolica

212 423 365 500 suggestio
391 422 552 500 plurimam
578 426 749 486 societatem
770 423 861 485 babet
882 425 913 482 in
935 425 1142 486 coniunctione
1165 427 1228 503 illa,

212 532 281 572 cum
303 513 335 571 in
357 512 455 571 multa
477 515 683 590 superfluitate
705 514 897 575 seminantur.
943 512 998 572 Sed
1023 517 1131 588 tamen,
1156 534 1228 574 cum

211 602 263 661 isti
289 602 321 661 in
348 602 421 661 bena
448 605 478 661 et
504 608 583 664 recte
610 605 762 664 moderato
790 603 895 662 ardore
923 604 1116 679 amplexionis
1144 609 1227 679 sunt,

185 691 266 767 sqni
292 694 366 750 tunc
398 709 433 749 ex
463 692 536 768 ipsis
569 698 745 767 nascuntur,
778 692 863 752 valde
895 692 1041 768 sapientes
1075 696 1105 751 st
1140 694 1231 753 valde
1313 739 1315 782 ι

211 780 302 839 utiles
332 798 365 840 ec
391 779 477 840 valde
504 782 617 842 veloces
644 787 733 841 amnt
759 785 849 859 atque
874 781 971 841 virilis
998 781 1084 841 faciei
1106 785 1137 840 et
1160 785 1232 858 pul·

212 868 298 929 chrae
320 869 563 945 pulchritudinis

277 958 323 1018 De
344 959 528 1033 scammata.
563 960 625 1018 Alii
649 961 749 1020 autem
771 960 894 1019 masculi
916 964 994 1034 sunt,
1018 959 1071 1036 qui
1093 960 1229 1020 calidum

211 1048 365 1108 cerebrum
394 1047 503 1108 habent
530 1052 559 1108 et
586 1048 742 1108 amabilem
770 1049 898 1108 colorem
925 1048 1012 1108 faciei
1041 1047 1168 1108 candore
1199 1054 1233 1109 et

171 1145 198 1190 15
213 1136 356 1196 rubedine
386 1138 566 1212 permixtum
597 1157 631 1197 ao
661 1139 788 1217 pingues
823 1155 911 1197 venes
947 1137 1090 1213 sangnine
1121 1139 1230 1214 plenas

211 1229 302 1302 atque
329 1225 456 1300 spissum
483 1228 656 1304 sanguinem
684 1229 757 1288 recti
789 1230 819 1286 ct
845 1227 930 1285 rubei
957 1226 1071 1288 coloris.
1115 1225 1173 1286 Sed
1199 1231 1233 1287 et

211 1314 415 1374 delectabilem
436 1314 591 1375 humorem
613 1318 644 1376 in
667 1317 841 1390 cebebant,
871 1317 923 1392 qui
950 1333 1003 1375 nec
1025 1316 1150 1375 tristitia
1172 1336 1230 1377 nec

211 1403 371 1463 acerbitate
404 1422 559 1481 oppressus
590 1410 644 1483 est,
675 1410 706 1466 et
737 1425 826 1483 quem
857 1404 1001 1464 acerbitas
1032 1405 1228 1466 melancoliae

210 1493 291 1570 fugit
313 1495 342 1552 at
365 1491 485 1555 devitat.
515 1495 555 1554 Et
578 1496 716 1573 quoniam
740 1493 868 1555 calidum
892 1494 1045 1554 cerebrum
1067 1496 1098 1553 et
1111 1498 1231 1554 rectum

170 1590 198 1636 ro
210 1581 385 1659 sanguinem
406 1582 525 1660 habent,
547 1588 578 1644 et
593 1585 732 1662 quoniam
747 1584 886 1643 humores
901 1601 1005 1642 corum
1021 1584 1154 1660 oppressi
1169 1604 1231 1644 non

211 1674 289 1743 sunt,
312 1671 438 1748 pingues
461 1691 559 1733 carnes
581 1675 613 1733 in
642 1674 817 1750 corporibus
844 1673 905 1732 suis
931 1671 1049 1731 habent.
1095 1671 1226 1733 Consue-

211 1761 286 1820 tudo
310 1763 420 1838 autem‚
443 1781 518 1838 quaa
540 1763 570 1821 in
593 1763 753 1823 femoribus
776 1781 880 1822 eorum
902 1765 957 1837 est,
985 1762 1080 1838 magis
1102 1767 1228 1822 ventosa

211 1852 256 1909 est
278 1868 367 1927 quam
389 1851 488 1927 ignca,
521 1855 551 1910 et
578 1852 615 1912 ob
643 1853 699 1912 hoc
726 1851 933 1911 abstinentiam
959 1850 1068 1910 habere
1094 1857 1228 1928 possunt,

212 1939 282 2016 quia
304 1939 453 2016 plurimus
475 1944 588 2018 ventus,
612 1942 665 2018 qui
687 1943 718 2000 in
740 1934 902 2000 femoribus
925 1958 1028 1999 sorum
1051 1942 1103 2015 eat,
1127 1941 1229 2018 ignem

170 2033 198 2080 25
211 2029 242 2087 in
273 2029 315 2088 eis
348 2029 507 2105 compescit
539 2034 570 2091 et
599 2033 753 2107 temperat.
798 2031 838 2089 Et
864 2047 932 2088 cum
961 2029 1042 2088 idem
1066 2032 1174 2089 ventus
1197 2034 1230 2089 ct

211 2118 288 2195 ignis
310 2118 342 2177 in
364 2118 490 2178 istorum
513 2119 573 2178 duo
595 2119 786 2180 tabernacula
807 2119 958 2178 interdum
980 2118 1105 2194 cadunt,
1128 2120 1230 2196 omnia

212 2207 310 2266 officia
332 2225 385 2266 sua
407 2207 439 2265 in
461 2208 571 2267 honore
594 2212 624 2268 et
645 2210 744 2269 sobrio
768 2226 867 2268 amore
891 2207 1055 2283 perficiunt,
1077 2207 1121 2266 ita
1144 2209 1227 2283 quod

212 2296 301 2355 etiam
324 2297 415 2372 stirps
438 2315 542 2355 eorum
571 2297 602 2356 in
624 2298 727 2356 florem
747 2296 907 2357 honorifice
929 2296 1056 2371 frondet,
1084 2297 1227 2373 quoniam

210 2384 261 2444 isti
285 2404 409 2444 aureum
431 2385 597 2446 aedificium
619 2387 650 2445 in
672 2388 752 2445 recte
775 2385 957 2463 amplexione
980 2385 1129 2461 dicuntur,
1154 2387 1226 2462 quia

170 2481 198 2528 ss
212 2474 396 2534 rationalitas
418 2476 508 2533 scutit
535 2475 566 2534 in
590 2472 646 2551 eis,
676 2476 756 2534 unde
777 2475 829 2551 sit,
862 2475 982 2534 acideo
1005 2474 1170 2534 moderatio
1193 2476 1225 2534 in

211 2563 252 2622 eis
283 2563 319 2623 fit
349 2568 380 2624 ct
405 2563 527 2622 humani
554 2568 664 2641 gestus.
708 2565 748 2622 st
774 2564 820 2623 his
843 2581 958 2623 necesse
980 2567 1037 2635 est,
1070 2567 1105 2623 ut
1134 2583 1164 2624 se
1186 2565 1225 2624 ad

210 2652 424 2712 habitationem
470 2653 604 2713 virorum
646 2654 842 2731 coniungant,
886 2653 1028 2729 quoniam
1069 2653 1224 2714 muliebris

211 2745 319 2801 natura
351 2743 470 2801 suavior
502 2747 532 2802 et
562 2743 657 2802 levior
683 2747 727 2802 est
755 2763 845 2818 quam
872 2742 968 2801 virilis
999 2746 1115 2806 natura,
1167 2741 1224 2803 Sed

213 2849 280 2890 cum
310 2831 486 2890 mulieribus
513 2831 544 2890 in
571 2831 723 2892 honestate
756 2835 787 2891 et
817 2831 973 2890 fertilitate
1013 2849 1074 2890 esse
1101 2835 1225 2907 possunt

170 2927 198 2976 ³0
212 2923 242 2978 et
263 2938 293 2978 se
316 2920 405 2979 etiam
429 2919 465 2977 ab
488 2920 529 2979 eis
553 2919 698 2980 abstinere
719 2921 819 2980 valent
841 2923 872 2980 et
898 2919 1031 2996 pulchris
1062 2922 1092 2979 ct
1119 2921 1224 2980 sobriis

212 3009 306 3068 oculis
330 3026 378 3066 aas
400 3008 573 3084 inspiciunt,
602 3011 754 3085 quoniam,
787 3009 840 3068 ubi
863 3009 942 3069 oculi
965 3010 1093 3068 aliorum
1115 3009 1153 3068 ad
1175 3029 1223 3070 eas

211 3097 297 3157 velut
319 3097 443 3174 sagittae
466 3101 544 3174 sunt,
567 3098 609 3156 ibi
626 3099 705 3157 oculi
719 3099 847 3157 istorum
863 3098 899 3156 ad
914 3099 994 3173 ipses
1008 3098 1129 3158 honeste
1144 3117 1222 3175 sym·

210 3185 379 3262 phcniaant,
395 3188 425 3244 et
440 3186 493 3244 ubi
509 3188 629 3245 auditus
644 3188 772 3247 aliorum
788 3189 873 3264 quasi
893 3187 1093 3246 validissimus
1114 3190 1222 3248 ventus

211 3274 248 3332 ad
275 3274 353 3351 ipsas
382 3278 466 3349 sunt,
495 3274 537 3334 ibi
560 3275 681 3335 auditus
703 3277 829 3336 istorum
854 3277 937 3336 velut
960 3295 1066 3336 sonum
1092 3276 1222 3338 citharae

170 3363 329 3438 35habent,
360 3367 390 3423 et
416 3365 469 3424 ubi
502 3365 693 3443 cogitationes
720 3367 847 3425 aliorum
874 3367 960 3442 quasi
986 3366 1116 3441 procella
1142 3369 1221 3443 sunt,

211 3451 255 3511 ibi
284 3453 335 3512 isti
365 3454 525 3531 prudentes
558 3459 703 3516 amatores
738 3456 769 3514 in
810 3455 1033 3514 honorificentie
1066 3457 1218 3516 vocantur.

212 3539 304 3619 Saepe
327 3547 427 3602 autem
449 3546 558 3604 multas
580 3563 687 3622 poenas
710 3545 865 3616 sustinent,
897 3544 951 3603 ubi
972 3543 1221 3618 inpossibilitate
