2668 3924
202 216 264 275 178
586 205 833 262 ninnsonsnis

199 394 255 453 bus
278 396 404 470 superet,
428 396 458 452 eb
478 392 582 451 deinde
604 411 658 467 per
680 411 812 467 pannum
835 392 914 450 colai
936 395 967 451 ab
981 393 1023 451 sio
1037 393 1068 450 in
1084 393 1220 452 vitreum

199 502 251 542 vas
275 483 380 542 aubin
402 500 509 541 novam
543 481 632 540 ollam
663 480 811 542 refundat.
856 481 963 540 Postea
996 482 1101 541 vinum
1135 483 1220 541 istud

200 573 242 631 sic
265 590 333 631 oum
352 571 511 647 praedictis
526 570 623 629 herbis
638 573 837 645 temperatum
859 571 890 628 in
906 572 1087 648 sartaginem
1109 572 1221 631 fundat

200 667 231 720 ct
257 662 283 720 ei
307 661 435 738 ignitum
460 660 583 720 calibem
606 664 659 718 aui
680 659 726 718 bis
750 661 802 718 aul
824 663 871 718 ier
892 659 1035 719 immittat
1058 663 1089 719 et
1112 661 1154 720 sic
1188 661 1220 721 in

173 751 279 808 eidem
313 752 429 821 vinum,
456 749 575 808 interim
614 749 686 806 dnm
720 767 774 824 per
808 748 933 807 calibem
960 749 1074 808 fervere
1101 750 1220 826 incipit,

201 840 343 917 galangae
366 839 473 898 tribum
493 842 524 897 eb
538 838 685 896 modicum
711 837 821 914 piperis
843 838 986 914 imponat,
1007 839 1057 897 vel
1072 839 1098 897 si
1113 841 1217 917 galan-

200 948 254 1007 gae
288 948 347 988 non
370 928 519 1002 habuerit,
555 929 735 986 bertramum
761 927 869 986 tribum
895 927 1042 986 immibbab
1069 931 1099 986 eb
1120 929 1220 1006 ignito

200 1017 294 1078 calibe
317 1018 492 1076 calefactum
516 1016 632 1075 ieiunus
654 1015 747 1077 bibat.
792 1015 849 1074 Sed
877 1019 908 1075 eb
934 1016 1013 1075 idem
1035 1017 1141 1076 vinum
1162 1038 1220 1094 per

201 1108 333 1184 quinque
358 1108 418 1166 dies
446 1105 560 1164 modice
591 1106 708 1165 ieiunus
742 1106 827 1165 bibat
860 1106 956 1182 ignito
990 1109 1089 1165 tamen
1124 1108 1221 1166 calibe

160 1205 187 1250 10
200 1197 283 1273 prius
316 1197 499 1256 calefactum.
544 1194 630 1264 Quod
663 1214 729 1253 cum
760 1213 814 1270 per
844 1186 975 1271 quinque
1006 1195 1069 1254 dies
1104 1196 1219 1273 fecerit,

200 1287 351 1345 triticeum
373 1303 479 1360 panem
502 1287 556 1343 cub
578 1284 704 1342 farinam
728 1283 841 1342 similae
863 1285 988 1359 accipias
1003 1287 1033 1343 eb
1048 1303 1117 1344 cum
1132 1305 1218 1362 prae·

200 1376 263 1433 fato
301 1375 370 1432 vino
409 1374 505 1450 ignito
545 1372 637 1432 calibe
676 1372 817 1432 calefacto
863 1373 1084 1433 sobriunculam
1127 1377 1221 1434 faciat

200 1464 303 1522 vibello
327 1464 376 1522 ovi
398 1465 522 1539 propter
545 1464 655 1522 bonum
679 1480 813 1537 saporem
830 1462 931 1521 addito
947 1463 1056 1540 absque
1073 1465 1220 1540 sagimine

200 1558 230 1611 eb
253 1552 363 1627 absque
388 1554 452 1611 olco
477 1555 507 1610 et
529 1552 637 1610 iberum
660 1571 713 1626 per
741 1552 873 1628 quinque
905 1552 966 1610 dies
997 1552 1069 1612 baec
1099 1553 1220 1613 ieiunus

160 1650 188 1695 15
200 1642 341 1703 comedat.
388 1641 503 1712 Quibus
524 1641 680 1700 bransacbis
703 1641 813 1699 iberum
836 1641 1020 1716 praediolum
1042 1642 1147 1702 vinum
1171 1645 1217 1720 ig·

200 1731 262 1790 nibo
286 1731 379 1790 calibe
406 1731 580 1790 calefactum
613 1729 705 1804 bibab,
736 1747 831 1805 usque
861 1729 933 1787 dum
964 1731 1068 1790 melius
1100 1730 1219 1793 habeat.

199 1819 275 1879 Nam
298 1821 440 1880 dacbilosa
460 1819 557 1880 calore
580 1837 633 1878 sno
657 1818 842 1878 stomachum
857 1819 1013 1891 confortat,
1038 1821 1219 1880 abrotanum

200 1916 300 1969 cubem
337 1911 432 1969 calore
469 1927 524 1968 suo
561 1909 628 1982 gleb
651 1908 687 1966 ab
711 1926 745 1966 eo
776 1908 942 1983 compescit,
974 1910 1219 1986 quinquefolium

200 2018 269 2057 vero
299 2000 395 2058 calore
428 2015 482 2058 suo
505 2016 574 2056 cum
600 1997 730 2070 roborat,
762 2000 793 2056 ei
816 1998 895 2056 calor
917 1998 980 2056 vini
1002 1999 1129 2058 livorem
1153 2001 1218 2059 eius

159 2096 187 2141 no
200 2088 304 2161 aufert,
328 2091 358 2146 eb
379 2086 527 2147 forbibudo
549 2086 651 2145 calibis
673 2086 746 2145 haec
768 2087 866 2146 omnia
881 2086 1042 2146 fortissime
1057 2088 1218 2150 confortat.

199 2177 312 2235 Deinde
334 2178 414 2235 calor
436 2176 577 2253 galangae
599 2177 630 2234 eb
652 2175 731 2234 calor
754 2176 864 2251 piperis
887 2194 939 2234 seu
966 2177 1046 2236 calor
1074 2178 1218 2237 bertrami

201 2266 298 2325 omnia
319 2265 377 2324 isia
400 2265 546 2325 confortat
569 2267 670 2323 conire
693 2265 826 2323 dolorem
854 2266 1006 2328 sbomccbi,
1051 2264 1107 2324 Sed
1139 2267 1217 2325 bribi-

200 2373 268 2415 ceus
290 2355 374 2430 panis
397 2372 449 2412 seu
472 2353 569 2411 farina
591 2353 627 2411 dc
648 2352 766 2412 triticeo
789 2372 857 2412 cum
880 2355 1031 2429 praedicto
1055 2355 1124 2414 vino
1154 2359 1216 2414 sto·

200 2443 338 2503 maehum
359 2443 529 2519 impinguat
550 2445 580 2500 eb
603 2443 630 2501 ei
644 2442 723 2501 vires
738 2460 813 2516 suas,
836 2445 873 2500 ub
887 2443 1055 2518 praefatum
1071 2450 1123 2516 est,
1147 2463 1216 2504 cum
1331 2503 1332 2514 2

160 2533 380 2593 acforticudine
402 2532 491 2609 igniti
515 2531 615 2591 calibis
638 2531 783 2606 uestibuli,
807 2534 837 2591 eb
858 2531 914 2591 hoc
937 2533 1049 2609 absque
1072 2533 1215 2610 sagimine
1331 2525 1332 2550 ³

201 2626 231 2681 eb
252 2624 363 2699 absque
386 2623 452 2680 oleo
479 2620 538 2695 fieb,
570 2620 652 2696 quod
684 2620 816 2696 sagimen
846 2620 1032 2680 stomachum
1065 2622 1216 2681 lubricum

199 2715 288 2786 parab
311 2715 340 2770 et
364 2712 464 2770 oleum
479 2710 564 2769 illum
580 2709 738 2770 exulcerat.
770 2703 796 2791 1)
807 2709 864 2768 Sed
886 2713 917 2769 et
940 2710 1067 2770 crudum
1089 2730 1217 2788 ysopum

199 2801 269 2860 vino
291 2801 466 2876 impositum
488 2799 659 2875 frequenter
686 2799 820 2858 comedat
842 2802 873 2857 eb
895 2799 974 2858 idem
996 2801 1101 2860 vinum
1123 2801 1215 2872 bibat,

91 2959 92 2964 η
201 2889 281 2964 quod
311 2908 438 2964 ysopum
470 2889 497 2946 ei
529 2888 634 2948 utilius
662 2890 706 2947 est
728 2886 765 2945 ad
787 2888 992 2948 infirmitatem
1013 2890 1102 2949 islam
1125 2909 1215 2966 qnam

159 2979 252 3050 soilli,
277 2979 331 3053 qui
354 2979 385 3036 in
407 2978 547 3053 pulmone
571 2977 660 3040 dolel.

267 3069 314 3127 De
336 3067 539 3141 indigestione.
586 3059 613 3144 2)
622 3065 653 3124 Si
682 3065 772 3124 homo
803 3070 967 3127 comestum
996 3068 1096 3127 cibum
1124 3068 1214 3128 inter·

200 3156 273 3215 dum
301 3157 433 3232 digerere
464 3175 524 3214 non
554 3158 662 3231 potest,
694 3172 815 3214 succum
837 3156 1026 3232 aristologiae
1048 3157 1155 3234 longae
1178 3158 1216 3216 ad

199 3246 317 3321 pondus
339 3245 468 3304 <luorum
490 3263 681 3304 nummorum
704 3244 829 3319 accipiab
852 3247 882 3302 eb
908 3263 1030 3304 succum
1060 3246 1216 3306 bibinellae

202 3335 240 3393 ad
260 3335 377 3410 pondus
399 3335 515 3394 nummi
537 3334 627 3393 unius
649 3336 680 3392 eb
702 3351 823 3393 succum
847 3334 1003 3394 citocaciae
1031 3335 1069 3393 ad
1098 3337 1215 3411 pondus

161 3436 188 3480 aa
201 3423 280 3482 oboli
302 3424 391 3483 unius
415 3442 448 3482 aa
471 3423 597 3482 zinziber
625 3422 661 3480 ad
684 3422 801 3497 pondus
825 3423 904 3481 oboli
931 3423 1021 3482 unius
1049 3426 1078 3482 et
1110 3423 1215 3484 deinde

276 3559 295 3625 1)
315 3579 339 3614 v.
359 3560 464 3615 ar-eo
483 3586 517 3605 =
535 3560 633 3630 usgue
653 3559 722 3612 1156
741 3557 770 3614 c.
794 3589 828 3598 -
851 3557 875 3628 2)
894 3577 918 3613 v.
937 3559 969 3614 er
982 3578 1054 3630 -ρ,
1076 3560 1161 3626 na„
1182 3587 1214 3606 =

202 3631 297 3702 aigne
317 3631 384 3685 1193
407 3632 499 3685 A-s.
