2662 3932
396 168 539 225 CAUSAE
556 168 604 225 ΕΤ
622 169 746 226 ouans
763 171 831 227 LIB.
849 172 885 226 11.
1106 179 1147 238 93

197 354 247 413 Dc
270 351 363 412 oculis
385 353 496 412 diceet
523 353 638 415 coloris.
684 353 742 424 Qui
774 357 875 414 autem
906 357 1007 416 oculos
1038 355 1148 415 similes
1200 361 1202 366 ‘

114 441 207 501 nubi
228 439 327 517 habet,
359 442 391 500 in
413 460 473 516 qua
494 442 547 501 iris
575 447 712 519 apparet,
745 462 794 502 eos
816 443 852 503 de
876 464 941 504 aere
965 445 1149 505 diversarum

115 549 275 589 aurarum
291 531 444 604 contraxit,
468 549 545 607 quae
567 549 621 591 nec
643 531 811 592 ariditatem
826 552 879 593 nec
894 533 1104 594 humiditatem
1117 534 1149 593 in
1225 555 1228 560 ·

119 619 297 680 stabilitate
318 619 479 695 possident,
504 623 535 680 et
556 619 667 679 infirmi
690 624 768 697 sunt,
792 623 932 699 quoniam
955 623 992 682 de
1018 623 1149 683 instabili

118 727 197 768 aere
221 707 368 781 oriuntur,
396 711 426 768 et
447 708 479 767 in
501 709 596 768 calida
618 729 690 769 aura
712 711 873 770 obscurum
902 713 1001 771 visum
1032 712 1177 790 habento

121 798 205 874 quia
226 797 262 856 de
284 797 353 874 igne
376 816 435 857 non
457 801 535 871 sunt,
558 799 590 858 in
611 818 689 874 pura
708 818 778 859 vero
798 799 925 876 pluviali
940 819 1014 860 aura
1028 790 1161 860 acutum

120 887 228 946 visum
259 885 382 962 habent,
415 887 555 964 quoniam
585 888 681 964 magia
712 888 749 947 de
783 888 961 949 humiditate
993 908 1084 966 quam
1113 890 1149 948 de

121 976 202 1052 igne
223 978 301 1039 sunt.
346 974 403 1034 Sed
431 976 525 1035 omnis
552 976 668 1054 fulgor,
700 978 814 1037 scilicet
836 978 907 1038 solis
938 980 968 1038 ct
998 979 1086 1038 lunae
1116 997 1150 1038 ec
1270 1015 1274 1024 ·

122 1065 279 1123 luminum
300 1067 392 1141 atque
415 1065 616 1141 pretiosorum
636 1067 772 1145 lepidum
796 1070 827 1127 et
848 1067 1038 1128 metallorum
1059 1071 1149 1144 atque

125 1153 264 1214 omnium
296 1152 422 1212 aliarum
453 1173 554 1213 rerum
585 1155 627 1214 eis
661 1157 800 1216 nocivum
830 1161 883 1233 est,
914 1157 985 1233 quie
1016 1156 1053 1215 de
1083 1175 1149 1215 aere
1163 1171 1190 1216 ro

127 1243 317 1302 diversarum
340 1261 481 1302 aurarum
503 1246 557 1304 eet.

184 1332 244 1391 ·De
270 1331 362 1392 oculta
390 1333 576 1394 turbulentis.
626 1332 684 1392 Sed
713 1335 767 1410 qni
796 1334 897 1394 oculos
923 1333 1013 1395 habet
1040 1333 1150 1394 similes

128 1419 271 1480 turbidae
293 1420 374 1495 nubi,
398 1439 475 1497 quae
498 1439 551 1480 nec
573 1422 611 1480 ad
633 1423 754 1498 plenum
776 1424 865 1500 ignea
887 1442 942 1484 nec
969 1423 1006 1482 ad
1028 1423 1149 1500 plenum

131 1507 257 1569 turbida
272 1513 324 1581 est,
340 1509 391 1569 sed
407 1511 594 1586 aliquantum
609 1513 724 1588 glauca,
747 1531 797 1572 eos
812 1513 849 1572 dc
863 1511 957 1572 livida
972 1513 1149 1573 humiditate

130 1601 233 1658 terrae
255 1599 374 1674 accepit,
399 1618 476 1675 quae
498 1598 627 1659 diversas
648 1601 828 1662 inutilitates
849 1600 1010 1662 herbarum
1030 1621 1064 1662 ac
1084 1621 1149 1662 ver·
1165 1616 1191 1660 15

131 1687 313 1747 mioulorum
328 1690 424 1747 terrae
440 1688 591 1764 producit,
615 1693 645 1748 et
659 1690 763 1750 molles
778 1694 850 1750 sunt
863 1709 897 1750 ac
920 1691 1021 1751 carnee
1044 1692 1152 1751 rubeas

129 1776 253 1852 eiciunt,
277 1777 348 1852 quia
370 1777 407 1836 de
428 1777 523 1837 livore
553 1779 613 1836 orti
640 1781 718 1840 sunt.
764 1779 821 1838 Sed
850 1797 903 1839 nec
931 1779 1055 1839 humido
1087 1799 1152 1840 aere

131 1883 187 1926 nec
216 1865 339 1941 pulvere
370 1884 424 1926 nec
451 1867 530 1927 malo
562 1868 675 1927 foetore
704 1887 758 1928 nec
790 1869 909 1945 fulgore
938 1869 1085 1944 cuiusque
1108 1869 1152 1928 rei

131 1954 307 2030 laeduntur,
340 1954 377 2013 de
403 1955 512 2031 quibus
540 1957 616 2016 acies
644 1958 772 2016 aliorum
804 1957 960 2018 oculorum
990 1958 1152 2034 sauciatur,

131 2047 170 2103 ut
191 2043 376 2120 praedictum
399 2047 452 2120 est,
474 2045 609 2121 quamvis
632 2046 698 2104 aliis
722 2045 900 2122 quibusdam
928 2046 1152 2106 infirmitatibus
1166 2060 1195 2105 20

134 2133 285 2192 interdum
309 2132 474 2196 laedantur.
518 2133 594 2193 Nam
626 2135 704 2194 sicut
733 2136 818 2195 nulla
849 2135 1012 2196 adversitas
1044 2137 1150 2208 obstet,

135 2223 211 2304 quin
233 2222 270 2281 de
292 2221 384 2281 livida
406 2221 585 2283 humiditate
613 2228 709 2284 terrae
738 2225 858 2284 inutiles
890 2223 996 2285 herbae
1027 2228 1057 2285 et
1084 2245 1148 2285 ver·

136 2311 429 2387 miculiprocedant,
456 2312 500 2370 ita
523 2315 554 2372 et
576 2313 657 2372 visus
681 2314 837 2373 oculorum
859 2315 987 2375 istorum
1008 2315 1151 2392 praefatis

136 2400 366 2460 adversitatibus
386 2418 447 2460 non
469 2401 608 2461 laeditur.
799 2407 805 2415 '

202 2489 247 2549 Dc
279 2489 371 2550 oculis
399 2490 507 2565 satyris.
561 2490 619 2562 Qui
648 2511 720 2551 vero
755 2493 856 2570 nigros
887 2510 940 2552 seu
971 2492 1151 2552 turbilentos
1165 2505 1192 2548 as

137 2578 239 2638 oculos
254 2577 352 2650 habet,
375 2578 588 2656 utaliquando
605 2580 700 2640 nubes
715 2588 768 2653 eet,
789 2600 837 2640 eos
852 2582 1009 2659 praecipue
1021 2581 1057 2640 de
1072 2584 1153 2640 terra

136 2667 294 2740 contraxit3
306 2671 337 2726 et
350 2667 495 2728 firmiores
511 2672 541 2728 et
555 2670 702 2729 acutiores
716 2670 782 2730 aliis
794 2671 888 2730 oculis
901 2674 1014 2730 suntet
1030 2689 1153 2730 acumen

136 2756 289 2817 oculorum
305 2756 359 2816 din
373 2757 510 2834 retinent,
534 2759 674 2835 quoniam
697 2759 733 2818 de
755 2759 934 2819 fortitudine
956 2763 1054 2820 terrae
1075 2765 1154 2822 sunt.

139 2844 196 2905 Sed
217 2845 304 2906 facile
327 2846 363 2905 de
385 2845 510 2906 humore
533 2851 630 2907 terrae
654 2851 684 2907 et
706 2847 742 2907 de
764 2848 945 2909 humiditate
962 2868 1108 2926 aquarum
1124 2852 1154 2908 at

137 2935 283 3013 paludum
297 2934 465 3012 laeduntur,
479 2936 730 3012 quemadmodum
742 2940 773 2996 et
786 2941 867 2998 terra
883 2937 919 2997 de
935 2940 1013 2998 malo
1030 2937 1153 2998 humore
1169 2951 1195 2994 eo

139 3027 170 3083 et
200 3023 237 3083 de
268 3043 376 3101 magna
401 3023 581 3086 humiditate
609 3045 757 3102 aquarum
785 3031 815 3086 et
842 3027 988 3102 paludum
1010 3027 1153 3088 inficitur.

204 3114 253 3173 Dc
279 3113 431 3173 oculorum
461 3114 606 3190 alhwine.
652 3115 709 3175 Sed
742 3135 809 3176 curn
843 3115 997 3176 cerebrum
1028 3115 1155 3177 hominis

139 3201 240 3278 aliquo
270 3201 359 3261 modo
394 3220 485 3279 supra
516 3204 638 3264 modum
668 3205 889 3282 impinguatur,
923 3205 1074 3282 pinguedo
1101 3205 1155 3264 illa

142 3291 253 3350 melum
275 3289 432 3350 humorem
455 3295 485 3351 et
505 3293 644 3354 sudorem
658 3294 696 3352 ad
712 3295 812 3354 oculos
827 3295 932 3354 mittit.
965 3293 1024 3364 Qui
1046 3294 1155 3354 humor

141 3383 171 3440 et
191 3380 283 3440 sudor
306 3398 374 3440 cum
397 3380 498 3441 oculos
514 3383 630 3459 saepius
645 3383 805 3443 madefacit
819 3389 850 3442 et
864 3383 966 3454 inficit,
983 3383 1153 3460 albuginem
1167 3393 1195 3438 35

143 3469 178 3528 de
198 3467 391 3546 spissitudine
418 3469 552 3531 humoris
583 3474 613 3531 et
644 3472 761 3532 sudoris
792 3473 875 3531 illius
902 3471 1095 3545 contrahunt,
1125 3476 1155 3532 et

143 3557 196 3618 nisi
219 3560 279 3618 cito
303 3558 476 3636 depellatur,
500 3579 568 3620 cum
586 3560 687 3620 'adhuc
709 3579 808 3621 recens
831 3565 884 3636 est,
906 3561 949 3619 ita
965 3562 1153 3636 exspissatur,
