2662 3932
358 173 500 230 CAUSAE
518 173 706 232 arcuata
729 176 797 231 LIB.
815 177 852 230 II.
1050 181 1112 242 113

77 361 169 420 fluos
194 362 284 436 potus
307 359 407 434 sumit,
429 359 541 418 malum
557 357 657 418 tabem
672 359 704 418 in
718 378 750 419 se
766 362 864 437 auget,
887 361 1027 436 quoniam
1041 360 1114 420 mali

78 449 175 510 sueai
195 447 331 508 ciborum
347 451 379 507 et
398 451 526 524 potuum
545 447 683 524 sanguini
698 451 730 508 et
743 447 806 507 tabi
820 449 884 508 eius
900 449 1114 513 coadunantur.

157 539 208 598 De
229 538 419 598 antemna.
464 535 540 598 (ium
561 535 650 596 homo
680 537 809 598 eomedit
839 540 870 597 et
897 539 984 614 bibit,
1013 538 1114 600 vitalis
1159 531 1170 557 “

78 630 209 686 tractus
233 626 451 702 rationalitatis,
475 627 529 703 qui
550 626 582 685 in
603 625 723 686 bomine
745 630 798 702 est,
821 630 949 704 gustum·
966 630 997 687 et
1018 629 1113 688 subti-

77 716 202 776 liorem
224 733 346 776 suanum
367 718 398 774 et
420 714 540 776 odorem
563 732 667 774 eorum
689 733 809 776 sursum
831 715 869 775 ed
883 715 1038 776 terebrum
1051 719 1141 778 eiust

80 805 180 865 duait
202 807 234 864 et
255 805 378 864 venulas
400 804 464 864 eius
486 803 626 880 replendo
641 805 784 868 ealefaait
814 803 871 864 Sed
890 807 986 865 oetere
1008 825 1113 865 eorun-

80 894 160 954 dem
187 893 324 954 eiborum
350 896 381 953 et
402 897 543 970 potuum,
566 893 697 970 quaein
720 893 904 956 stomachum
926 895 1113 970 perveniunt,

81 1002 142 1043 aar
170 986 202 1043 et
223 983 307 1042 ieeur
329 986 360 1042 et
381 982 485 1058 pulmo
508 983 698 1056 calefaciunt,
726 986 758 1042 et
785 982 821 1044 de
842 983 946 1064 eodem
968 985 1062 1060 gustu
1084 987 1115 1044 et

82 1072 251 1132 subtiliori
275 1091 363 1132 sueao
386 1075 418 1132 et
440 1071 530 1131 odore
544 1072 577 1130 in
590 1072 713 1132 venulas
728 1090 797 1132 sues
811 1073 943 1144 trabunt,
966 1072 1010 1131 ita
1032 1073 1113 1149 quod

83 1161 163 1221 inde
188 1162 345 1237 replentur
366 1164 397 1220 et
419 1161 622 1221 fomentantnr
644 1164 674 1220 et
695 1162 881 1234 nutriuntur,
903 1162 987 1222 velut
1008 1161 1034 1221 si
1056 1161 1155 1220 ari-1⁰

84 1250 168 1310 dum
197 1253 229 1309 et
251 1249 362 1310 siceum
385 1250 561 1310 intestinum
582 1250 615 1309 in
638 1269 747 1326 aquam
774 1251 908 1327 ponitur,
941 1250 1022 1327 quod
1044 1250 1113 1310 inde

83 1339 289 1400 moilifioatur
325 1342 356 1398 et
385 1338 556 1398 intumescit
587 1341 618 1398 et
648 1339 791 1415 repletur.
843 1339 890 1400 Ita
924 1358 993 1400 oum
1023 1339 1113 1400 homo

84 1427 256 1489 mauduaat
283 1431 314 1487 et
345 1428 435 1505 bibit,
467 1427 504 1487 de
534 1446 620 1488 euooo
650 1427 787 1488 aiborum
812 1431 843 1489 et
868 1430 998 1506 potuum
1023 1448 1113 1489 venae

84 1519 158 1578 eius
190 1517 347 1592 replentur
378 1521 408 1577 at
439 1516 657 1589 fomentantur,
690 1517 734 1576 ita
762 1518 843 1594 quod
870 1536 975 1578 suoaus
1002 1518 1054 1578 ille
1081 1519 1113 1577 in

86 1607 176 1666 venis
204 1606 380 1684 sanguinem
406 1609 437 1666 et
462 1607 562 1666 tabem
583 1607 729 1666 fomentat
749 1608 781 1666 et
803 1606 839 1666 de
861 1625 949 1666 suoao
970 1625 1113 1668 venarum
1127 1618 1154 1662 15

87 1695 226 1773 sanguis,
252 1696 306 1772 qui
328 1696 359 1754 in
381 1713 468 1755 earne
491 1697 544 1770 est,
567 1695 743 1755 rubedinem
765 1696 824 1755 sibi
846 1695 980 1760 attrabit.

161 1785 211 1845 De
233 1786 339 1847 esurie.
383 1784 548 1861 Postquam
578 1785 718 1844 comestio
750 1785 781 1845 in
810 1785 998 1861 putredinem
1029 1785 1112 1844 vadit

88 1876 121 1934 et
153 1874 275 1945 aresoit,
309 1893 400 1934 venae
430 1873 466 1932 de
496 1892 584 1934 suaao
614 1891 669 1934 suo
702 1876 908 1948 statuantur,v
932 1876 962 1932 et
991 1874 1112 1951 sanguis

89 1963 191 2024 aarum
213 1961 388 2022 rubedinem
409 1962 510 2038 perdit
532 1965 563 2022 et
583 1981 712 2040 aquosus
726 1963 771 2026 fit
800 1963 883 2022 Tune
897 1981 988 2022 venae
1002 1963 1113 2039 repleri

90 2051 272 2127 desiderant,
296 2054 327 2112 et
348 2051 470 2129 sanguis
493 2052 588 2112 earnis
609 2051 786 2112 rubedinem
808 2052 953 2114 effoetant
991 2051 1031 2111 Et
1052 2051 1108 2111 hoa
1120 2061 1149 2106 ab

93 2141 210 2202 esuries
232 2144 285 2216 est,
305 2161 396 2218 quam
418 2140 507 2200 bomo
529 2140 657 2217 petitur.

161 2231 208 2289 Da
230 2231 291 2294 siti.
336 2229 412 2290 Gum
441 2229 529 2290 homo
559 2229 700 2307 eomedit,
732 2231 764 2289 in
794 2229 972 2290 comedendo
995 2231 1112 2290 laborat

90 2322 130 2380 ut
152 2320 234 2378 mola
257 2319 288 2378 in
315 2319 460 2391 molendo,
490 2322 522 2378 et
546 2319 583 2379 de
613 2319 715 2378 labore
737 2318 925 2380 comestionis
951 2319 1039 2380 bomo
1065 2320 1110 2379 in·

91 2408 215 2468 calescit
237 2412 268 2468 et
290 2409 454 2468 exsiaoetur
476 2408 571 2468 etita
593 2408 718 2468 interius
741 2425 871 2468 aresaere
892 2408 1008 2484 inaipit
1031 2409 1113 2485 quod

91 2498 161 2558 sitis
189 2499 244 2562 est.
287 2497 327 2556 Et
355 2500 428 2557 tuno
454 2497 569 2558 madiae
596 2496 681 2556 bibat
707 2500 737 2556 et
763 2498 875 2556 iterum
901 2497 1048 2572 eomedit,
1080 2501 1152 2557 aaa

92 2606 164 2647 oum
187 2586 298 2646 iterum
320 2586 353 2644 in
375 2586 553 2646 comedendo
576 2586 608 2645 in
631 2587 726 2646 calore
753 2587 871 2658 aresait,
899 2587 1010 2646 iterum
1036 2586 1111 2663 sitit,

94 2681 125 2736 et
148 2677 223 2735 tune
245 2675 356 2736 iterum
378 2674 475 2752 bibat,
498 2677 529 2736 et
551 2675 593 2735 sia
615 2675 713 2752 faeiat,
736 2675 856 2736 interim
879 2675 952 2734 dum
974 2675 1112 2751 eomedit,

95 2764 219 2842 quiesi
241 2763 328 2824 bomo
351 2765 383 2824 in
405 2763 484 2841 aibo,
515 2763 627 2824 soilioet
648 2764 769 2824 interim
792 2764 864 2824 dum
887 2764 1027 2839 comedit,
1053 2783 1112 2824 non

93 2854 219 2930 biberet,
250 2853 350 2931 gravis
381 2857 480 2914 mente
510 2855 541 2914 et
572 2871 696 2930 eorpore
727 2853 895 2914 effioeretur
921 2872 974 2914 nea
1000 2853 1112 2914 bonum

93 2961 218 3004 suetum
241 2942 395 3020 sanguinis
422 2944 541 3018 pararet
567 2961 620 3002 neo
652 2943 759 3003 bonam
786 2943 981 3020 digestionem
1008 2943 1112 3002 exinde
1125 2953 1153 2998 ³0

95 3031 227 3093 haberet.
283 3030 314 3092 Si
349 3033 449 3090 autem
483 3032 515 3090 in
548 3031 615 3092 oibo
648 3049 703 3092 suo
736 3050 828 3108 supra
864 3032 987 3092 modum
1025 3030 1110 3108 bibit,

96 3121 206 3182 malam
228 3120 452 3180 inundationem
478 3121 680 3197 procellarum
710 3121 742 3180 in
772 3121 949 3182 humoribus
979 3122 1112 3198 eorporis

96 3211 145 3270 sui
168 3208 250 3282 faoit,
272 3210 315 3269 ita
337 3209 421 3287 quod
443 3210 518 3270 reati
540 3209 680 3270 humores
702 3211 733 3270 in
756 3229 790 3270 eo
813 3211 1036 3287 disperguntur.
1073 3210 1113 3269 at

96 3299 219 3360 interim
242 3298 314 3358 dum
337 3298 397 3358 eibi
411 3299 443 3358 in
463 3299 652 3375 putredinem
667 3300 743 3359 etin
758 3299 928 3360 ariditatem
942 3301 1111 3375 vertunum,

96 3388 131 3448 de
153 3388 250 3449 aalma
277 3389 331 3447 illo
358 3407 450 3448 venae
476 3391 506 3448 et
533 3388 654 3466 sangnis
680 3388 931 3449 humectationem
954 3393 1111 3465 quaerunt,
1124 3397 1152 3443 35

96 3480 125 3536 et
146 3476 204 3538 boa
225 3477 292 3538 sitis
314 3480 368 3554 est,
391 3479 422 3536 et
437 3480 510 3537 tuno
524 3476 613 3538 bomo
630 3477 781 3538 moderate
797 3477 881 3537 bibat
894 3480 925 3536 et
940 3476 1111 3538 ariditatem

98 3567 129 3626 in
150 3585 182 3626 se
203 3565 369 3638 bumaotet,
398 3565 532 3644 alioquin
554 3567 720 3626 molestiam
748 3569 778 3626 et
803 3565 977 3626 tarditatem
1003 3565 1110 3624 mentis

149 3673 305 3730 Hildegerdie
319 3687 408 3720 musae
421 3677 446 3720 et
460 3685 532 3721 aurae
546 3675 585 3720 ed.
599 3673 721 3721 Kaisar.
969 3666 986 3720 8
