2680 3938
379 191 520 248 CAUSAE
538 194 586 248 ΕΤ
605 193 726 250 UURAfl
743 195 811 250 LIB.
830 195 864 250 11.
1085 203 1125 264 51

93 381 159 454 est,
186 377 244 438 hoc
266 377 355 437 modo
378 376 541 437 secundum
563 380 691 454 superat,
716 379 769 456 qui
792 378 851 439 duo
867 379 1005 458 flegmata
1023 381 1127 442 dicun-

89 472 169 540 tur3
213 469 243 526 et
277 465 422 526 secundus
459 467 595 539 tertium,
642 486 676 526 ac
716 469 824 528 tertius
863 473 1024 545 quartum,
1069 471 1123 548 qui

92 557 183 633 duo,
216 555 353 616 videlicet
386 555 494 615 tertius
521 558 551 615 et
577 559 715 633 quartus,
745 557 854 618 livores
884 561 1036 622 vocantur.
1085 560 1125 620 Et

91 645 274 722 superiores
289 645 320 704 in
335 643 541 704 habundantia
556 663 610 705 sua
624 645 756 706 minores
772 649 935 724 transeunt,
955 653 985 708 et
1000 649 1127 709 minores

91 733 339 794 habundantiam
361 733 484 793 illorum
509 751 564 793 sua
590 735 739 795 vacuitate
772 737 946 811 temperant.
991 737 1031 798 Et
1058 751 1154 799 cums

93 823 196 883 homo
220 823 261 883 sic
284 827 341 894 est,
373 822 405 881 in
427 822 646 900 tranquillitate
671 829 724 888 est.
774 823 850 884 (lum
873 827 972 884 autem
1000 827 1127 902 quilibet

94 913 216 972 humor
238 912 360 972 modum
388 929 478 972 suum
507 912 631 988 excedit,
664 913 756 974 homo
784 914 836 972 ille
863 914 895 973 in
917 914 1049 990 periculo
1073 918 1126 977 est.

96 1001 163 1061 Sed
187 1021 256 1062 cnm
279 1000 387 1078 aliquis
409 1001 488 1062 livor
510 1001 733 1077 praedictorum
758 1002 882 1063 modum
903 1021 993 1064 suum
1016 1003 1126 1066 iniuste

97 1091 272 1166 transierit,
297 1089 476 1150 sufficientes
497 1090 575 1150 vires
597 1110 657 1151 non
683 1091 788 1168 habet,
810 1095 848 1152 ut
875 1093 1126 1168 supereminentes

98 1178 162 1239 sibi
186 1179 324 1239 humores
347 1179 455 1255 vincat,
483 1179 541 1238 nisi
564 1183 616 1239 aut
639 1179 835 1258 subsequente
857 1181 965 1258 livore,
992 1183 1018 1242 si
1040 1195 1167 1258 prae-10

17 1271 26 1284 ”
97 1268 211 1328 cadens
234 1272 286 1340 cst,
309 1268 478 1345 instigetur,
503 1271 557 1328 aut
571 1288 589 1327 a
602 1271 802 1347 praecedente,
825 1271 850 1330 si
872 1270 1051 1347 subsequens
1074 1276 1125 1349 cst,

97 1359 237 1421 iuvetur.
270 1358 311 1416 Et
332 1357 364 1416 in
388 1375 579 1434 quocumque
600 1359 719 1419 homine
741 1359 914 1420 huiusmodi
935 1361 1014 1421 livor
1036 1379 1128 1438 supra

97 1465 274 1507 mensuram
288 1464 374 1506 suam
391 1447 422 1504 in
434 1447 641 1522 superfluitate
653 1467 683 1508 se
695 1449 866 1523 extenderit,
882 1450 973 1510 ceteri
986 1451 1126 1511 humores

97 1537 131 1594 in
165 1536 219 1596 illo
252 1535 368 1612 pacifici
401 1552 462 1595 esse
493 1555 552 1595 non
584 1541 725 1614 possunt,
763 1539 821 1598 nisi
852 1541 971 1598 tantum
1002 1540 1034 1599 in
1063 1540 1125 1600 illis

98 1624 275 1684 hominibus
297 1625 349 1697 sit,
378 1642 452 1701 quos
474 1626 572 1702 gratia
594 1626 642 1687 dei
664 1626 777 1687 infudit
805 1630 858 1686 aut
888 1628 919 1686 in
947 1628 1165 1689 lenitudinem

97 1717 137 1773 ut
170 1713 341 1790 Samsonem
378 1716 432 1774 aut
468 1714 500 1773 in
538 1715 686 1791 sapientia
719 1718 756 1776 ut
789 1715 975 1776 Salomonem
1008 1723 1061 1776 aut
1093 1719 1124 1777 in

96 1803 259 1879 prophetia
284 1805 321 1861 ut
347 1802 524 1862 Iberemiam
555 1807 609 1863 aut
640 1806 672 1863 in
706 1804 888 1882 quibusdam
920 1807 1057 1882 paganis,
1089 1810 1126 1866 ut

98 1892 188 1952 Plato
211 1892 272 1951 fuit
293 1895 324 1952 et
345 1892 403 1952 sibi
425 1893 546 1957 similes.
581 1894 621 1953 llt
643 1894 697 1954 ubi
721 1895 774 1953 alii
797 1894 942 1970 praedicti
963 1895 1126 1972 insaniuntq

100 1981 144 2040 ibi
168 1983 256 2040 erunt
277 1981 328 2041 isti
350 2001 405 2058 per
432 1982 561 2060 gratiam
584 1983 632 2042 dei
652 1984 683 2042 in
702 1983 852 2060 probitate
866 1983 1029 2059 fortissimi,
1053 1985 1125 2061 quia

100 2070 200 2148 gratia
225 2071 273 2130 dei
303 2070 453 2147 permittit
480 2090 529 2132 eos
559 2072 710 2131 interdum
738 2091 798 2132 esse
824 2073 856 2132 in
879 2073 980 2148 aliqua
1002 2073 1159 2133 vicissim

102 2160 215 2234 tudine,
239 2159 283 2219 ita
306 2158 388 2236 quod
411 2160 562 2219 interdum
577 2163 648 2220 sunt
669 2163 700 2220 in
715 2162 895 2238 infirmitate,
917 2162 1069 2221 interdum
1091 2163 1123 2221 in

103 2249 236 2320 sanitate,
259 2248 440 2310 interdum'
431 2269 462 2308 m
482 2249 598 2322 timore,
621 2250 797 2310 interdum
787 2270 819 2310 m
834 2252 949 2326 robore,
971 2251 1123 2311 interdum

103 2339 135 2396 in
142 2337 293 2442 tristitia,
328 2337 525 2397 interdum
517 2359 548 2396 ιιι
576 2339 698 2400 laetitia.
742 2340 783 2400 Et
804 2340 860 2400 hoc
887 2341 1036 2416 reparat
1027 2362 1059 2399 ιιι
1081 2342 1123 2400 eis

105 2403 183 2502 dede,
206 2427 250 2486 ita
271 2429 315 2498 ut,
339 2445 407 2487 cnm
429 2430 500 2486 sunt
513 2427 632 2502 infirmi
654 2428 728 2489 facit
743 2447 792 2488 eos
814 2448 905 2502 sanos,
930 2448 999 2489 cum
1014 2430 1123 2504 timidi,

105 2515 177 2574 facit
198 2534 248 2575 eos
270 2514 417 2592 robustos,
441 2535 510 2576 cum
531 2518 643 2594 tristes,
672 2517 745 2578 facit
767 2537 817 2578 eos
839 2519 940 2582 laetos.
986 2517 1071 2577 Unde
1095 2520 1120 2578 si
1133 2531 1162 2577 ιο

108 2605 139 2663 in
162 2605 298 2682 quolibet
320 2562 440 2665 homifle
462 2606 573 2666 siccum
595 2607 702 2684 flegma
729 2607 935 2683 superexcellit
962 2606 1121 2666 humidum

108 2695 137 2752 et
150 2692 306 2754 humidum
321 2711 458 2771 spumam
472 2698 503 2754 et
517 2694 661 2771 tepidum,
678 2696 721 2755 ibi
736 2697 848 2756 siccum
862 2697 969 2774 flegma
986 2697 1123 2757 cstvelut

107 2783 229 2856 domina,
253 2786 283 2842 et
305 2782 464 2844 humidum
480 2785 565 2861 quasi
581 2785 695 2861 ancilla,
712 2788 802 2863 atque
817 2804 923 2861 spuma
938 2788 970 2845 et
983 2785 1120 2862 tepidum

107 2873 187 2932 velut
208 2871 325 2932 minora
351 2875 381 2932 et
412 2873 593 2933 sublatentis
623 2876 654 2933 et
686 2875 780 2935 livida
807 2875 938 2938 servitia.
983 2875 1024 2934 st
1044 2877 1117 2934 tunc

106 2960 174 3020 haec
187 2961 247 3021 duo
262 2962 428 3038 posteriora
441 2962 605 3022 secundum
619 2964 697 3023 vires
712 2983 781 3024 suas
792 2963 915 3024 illorum
927 2964 1115 3041 superiorum
1127 2976 1156 3022 ³0

108 3051 180 3110 livor
201 3053 279 3110 sunt.
324 3050 365 3109 Et
390 3051 439 3110 hic
465 3050 554 3112 homo
582 3053 760 3112 naturaliter
786 3054 917 3128 prudens
940 3057 985 3114 est
1008 3056 1038 3113 et
1060 3054 1118 3112 ira·

111 3137 217 3199 candus
240 3159 274 3200 ac
296 3139 451 3200 vehemens
474 3141 506 3199 in
528 3141 667 3217 operibus
689 3142 760 3207 suis.
805 3143 845 3201 Et
872 3142 986 3202 stabilis
1012 3143 1044 3202 in
1072 3142 1119 3202 his

111 3231 241 3301 nonest,
273 3229 355 3306 quod
383 3229 497 3290 siccitas
525 3249 559 3290 ea
586 3231 734 3290 consumit
768 3234 799 3290 et
824 3232 936 3291 iterum
968 3232 1056 3292 facile
1087 3232 1118 3291 in

112 3317 148 3377 eis
168 3318 314 3396 exsurgit,
343 3322 379 3378 ut
401 3319 527 3395 flamma,
551 3338 627 3396 quae
651 3321 710 3380 cito
734 3320 866 3379 caditat
895 3321 954 3380 cito
977 3320 1118 3399 resurgit.

110 3405 145 3464 flt
163 3424 249 3467 sanus
272 3410 317 3467 eat
339 3410 369 3467 et
391 3408 445 3467 diu
467 3409 556 3480 vivit,
579 3409 630 3468 sed
653 3409 691 3468 ad
713 3411 832 3486 plenam
854 3413 1035 3470 senectutem
1056 3429 1115 3469 non
1130 3421 1158 3466 35

111 3496 246 3571 pervenit,
285 3497 367 3573 quia,
406 3500 566 3574 postquam
598 3517 665 3558 caro
697 3499 761 3558 eius
793 3499 830 3558 ab
865 3499 934 3575 igne
973 3499 1117 3559 exsiccata

113 3583 201 3662 fuerit,
225 3585 348 3661 plenum
369 3585 559 3646 adiutorium
582 3587 618 3646 de
640 3586 764 3647 humido
787 3585 964 3649 nonhabet

973 3688 1011 3743 41
