2668 3924
388 170 530 227 CAUSAE
549 169 596 225 ΕΤ
617 167 738 225 CURAE
757 168 823 223 LIB.
842 167 890 222 IV.
1089 175 1151 234 217

131 357 199 416 vini
224 358 430 432 temperantur
461 358 492 414 et
522 355 632 416 iterum
664 374 730 414 oum
763 355 940 414 fortitudine
968 358 999 413 et
1026 355 1151 414 alterato

133 447 234 506 oalore
261 445 363 505 calibis
385 444 573 520 roborantur,
596 447 632 504 ut
653 445 822 519 praefatum
845 448 903 520 est,
929 444 1041 503 febrem
1063 445 1151 504 istam

130 535 288 612 mitigant.

207 624 319 684 Contra
340 639 476 685 vermem.
522 622 629 698 Homo,
661 641 750 699 quem
783 623 891 682 vermis
913 623 945 680 in
967 623 1067 699 aliquo
1091 623 1156 682 looo

136 713 272 788 eorporis
304 713 352 772 sui
383 712 518 782 eomedit,
550 715 658 772 oratam
692 712 818 787 aooipiat
849 714 880 770 et
910 712 957 771 bis
979 715 1098 771 tantum
1120 712 1182 772 deo

136 803 257 862 aridem
280 804 366 862 etex
388 801 435 860 his
459 820 526 860 oum
550 805 664 860 aoetoso
688 803 757 860 vino
780 801 865 861 velut
885 803 975 859 tende
991 805 1159 860 sementum

137 890 230 950 faeiat
252 894 342 968 atque
364 890 447 951 istud
470 891 542 961 loeo,
565 889 618 948 ubi
648 908 777 950 vermem
809 890 934 966 patitur,
964 908 1032 948 oum
1063 907 1159 966 penne

137 982 284 1040 immittet
306 984 337 1039 et
358 980 414 1039 hoo
437 999 490 1056 per
512 980 644 1056 singulos
667 978 728 1038 dies
750 997 846 1056 usque
869 979 906 1037 ad
929 982 1066 1056 quartem
1081 978 1159 1038 diem

137 1070 238 1132 faeiat.
283 1067 389 1128 Postea
411 1072 511 1128 sumat
526 1069 591 1127 aloe
606 1071 637 1127 et
651 1069 815 1128 seeundum
831 1069 894 1128 eius
907 1068 1027 1127 tertiam
1043 1071 1159 1144 partem

138 1179 272 1235 myrram
306 1160 337 1217 et
370 1159 460 1217 simul
494 1161 579 1232 terat,
614 1160 704 1234 atque
737 1177 772 1217 ex
794 1157 840 1218 his
863 1176 931 1217 oum
953 1161 1068 1217 recente
1091 1175 1157 1216 aera
1170 1167 1197 1212 ιο

139 1249 357 1324 emplaustrum
388 1250 474 1323 paret
506 1250 537 1305 et
563 1246 701 1306 oannibeo
728 1265 825 1323 panno
857 1248 1039 1323 superponat
1065 1249 1095 1305 et
1116 1247 1159 1305 ita

139 1356 232 1415 super
253 1337 353 1395 looum
376 1336 486 1396 doloris
509 1354 562 1413 per
585 1336 741 1395 duodecim
764 1337 826 1396 dies
848 1336 932 1414 liget.
976 1333 1052 1394 Nem
1080 1341 1159 1395 oreta

139 1426 238 1485 aalide
253 1431 298 1486 oet
313 1429 343 1485 et
359 1425 440 1484 eride
455 1425 573 1502 frigida,
595 1427 625 1484 et
641 1425 683 1484 aio
699 1426 778 1484 oalor
796 1429 892 1485 aretae
908 1443 977 1484 oum
991 1425 1158 1502 frigiditate

140 1515 240 1576 oridae
262 1518 292 1574 et
315 1533 383 1573 oum
407 1515 504 1574 ealore
527 1517 557 1572 et
579 1514 713 1573 acumine
739 1514 802 1574 vini
832 1518 1014 1590 temperatus
1044 1532 1158 1574 vermes

143 1603 317 1676 mortifioet3
340 1603 390 1663 aed
413 1604 494 1664 aalor
516 1604 599 1662 eloae
620 1621 689 1662 aum
703 1603 801 1663 oalore
815 1622 934 1680 myrrae
949 1607 1157 1680 augmentatus
1171 1611 1198 1657 15

143 1693 315 1770 putredines
328 1693 487 1752 eorundem
494 1694 630 1751 uloerum
639 1691 768 1752 extrahit
780 1695 810 1753 et
819 1692 945 1751 eundem
956 1694 1055 1752 looum
1067 1696 1159 1752 sanat.

214 1778 273 1866 [De
296 1782 396 1844 aalide.
427 1781 470 1840 Ut
484 1782 576 1841 oalibs
592 1782 680 1840 fortis
700 1782 748 1857 sit,
771 1801 840 1840 eum
862 1782 894 1839 in
909 1782 1052 1858 sanguine
1067 1782 1160 1840 leonis

145 1874 200 1931 eut
226 1872 302 1932 hirei
328 1871 451 1948 intinge.
497 1870 583 1942 Quod
607 1874 708 1930 eutem
731 1871 868 1930 adamans
890 1870 1063 1948 sanguinem
1085 1869 1160 1928 hirei

143 1961 340 2040 intinguitur,
372 1965 408 2020 nt
440 1959 531 2019 oalibe
563 1959 654 2019 indidi
687 1961 792 2036 possit,
823 1960 866 2020 ibi
895 1958 984 2018 calibs
1011 1959 1159 2018 hiroinum

143 2051 330 2127 sangninem,
363 2050 394 2108 in
421 2067 481 2126 quo
509 2049 652 2109 intinotus
680 2053 736 2121 est,
764 2049 895 2126 primum
917 2048 1027 2126 tangit,
1061 2051 1091 2108 et
1117 2049 1158 2108 sio
1171 2057 1199 2102 w

145 2138 353 2200 fortitudinem
385 2139 464 2214 oepit
496 2141 527 2197 et
556 2138 742 2198 adamantem
779 2136 903 2216 insidit]
950 2136 1025 2197 Cum
1053 2137 1160 2197 videris

144 2229 237 2289 boves
262 2233 316 2288 aut
330 2227 367 2287 de
381 2229 470 2287 noxio
489 2228 632 2303 sanguine
653 2231 707 2286 ant
731 2227 766 2286 de
788 2227 862 2288 forti
883 2226 985 2286 labore
1007 2226 1158 2296 infirmari,

145 2318 246 2394 aaoipe
269 2317 393 2378 oonohas
417 2335 585 2390 arenarum,
610 2335 686 2392 quae
708 2317 740 2374 in
762 2317 850 2376 litore
872 2317 982 2392 ieoent,
1006 2319 1036 2376 et
1058 2335 1105 2375 eas
1128 2317 1159 2374 in

146 2407 300 2484 pulverem
315 2406 417 2482 redige
442 2408 472 2465 et
493 2406 647 2481 pulverem
670 2405 763 2464 istum
794 2423 862 2465 oum
885 2405 976 2465 herba
998 2406 1059 2481 illa,
1082 2424 1159 2482 quae

146 2496 285 2556 bathenia
312 2496 435 2567 dieitur,
467 2495 498 2553 in
528 2514 637 2571 aquam
664 2495 763 2571 mitte,
795 2495 840 2553 ita
866 2494 947 2571 quod
973 2493 1010 2552 de
1036 2493 1160 2569 pulvere
1173 2500 1201 2546 2¹5

144 2585 205 2645 isto
234 2585 303 2661 plus
329 2585 369 2645 eit
395 2603 486 2661 quem
513 2582 679 2653 bathoniae,
712 2587 742 2642 et
770 2583 808 2642 da
836 2583 877 2643 eis
903 2584 934 2641 in
957 2586 1071 2659 potum
1122 2583 1162 2643 m

146 2674 265 2734 aridum
294 2674 397 2735 fenum
433 2673 476 2732 eis
502 2673 623 2731 interim
650 2673 687 2731 ad
717 2672 930 2732 comedendum
957 2671 1049 2734 dabis.
1103 2671 1161 2732 Sed

147 2783 216 2822 oum
238 2763 315 2823 fluor
337 2762 480 2822 reumatis
502 2762 538 2821 de
560 2762 683 2821 naribus
711 2781 814 2821 eornm
840 2761 921 2836 fluit,
950 2763 994 2820 ita
1020 2761 1102 2836 quod
1129 2763 1161 2820 in

147 2855 273 2930 gutture
305 2855 418 2923 sonant,
447 2851 533 2928 quasi
559 2851 665 2930 turrim
692 2850 831 2922 habeant,
867 2870 999 2927 myrram
1031 2853 1061 2910 et
1091 2851 1161 2910 thus

146 2942 258 3018 accipe,
287 2941 332 3002 ita
359 2940 440 3018 quod
467 2959 584 3017 myrrae
611 2940 680 3016 plus
707 2940 747 2999 sit
774 2959 863 3017 quam
886 2940 993 3015 thuris,
1021 2942 1051 2998 et
1073 2945 1201 3015 superb)

146 3032 232 3091 vivos
263 3030 403 3090 aerbones
433 3047 511 3104 pone
542 3032 572 3089 et
603 3029 634 3088 in
665 3047 751 3088 nares
780 3048 882 3089 eorum
916 3029 1034 3088 fumum
1069 3029 1162 3088 istum

146 3120 296 3198 fumigare
327 3121 382 3183 fao.
417 3118 453 3177 In
475 3118 598 3177 humida
621 3121 720 3178 autem
744 3122 774 3179 et
795 3119 855 3178 leni
877 3137 958 3194 aura,
987 3117 1068 3195 qnod
1089 3120 1163 3177 tuno

147 3208 235 3268 iaoile
249 3209 394 3268 infirmari
408 3207 564 3283 incipiunt,
588 3204 659 3268 aare
674 3211 705 3266 et
719 3207 896 3267 suenheim
910 3207 1040 3267 marzolo
1055 3207 1160 3283 aooipe

144 3298 258 3358 soilioet
290 3297 361 3358 diue
387 3299 456 3373 plus
489 3316 580 3374 quem
611 3297 790 3356 martbelum
821 3295 950 3356 mareolo
981 3295 1034 3371 ait,
1072 3299 1161 3372 etque

146 3386 258 3463 pabulo
275 3405 378 3446 eorum
397 3386 573 3455 intermisoe‚
596 3389 633 3445 ut
652 3385 813 3461 comedant,
837 3389 867 3444 et
888 3385 1043 3445 sanitatem
1065 3385 1096 3443 in
1119 3385 1161 3443 eis
1173 3392 1200 3436 ὤ

146 3477 326 3550 retinebunt,
350 3495 386 3535 ne
408 3476 603 3535 infirmentur.

216 3566 263 3625 De
278 3566 388 3628 orthaea.
421 3563 452 3624 Si
468 3581 536 3624 oves
550 3563 695 3622 infirmari
710 3563 864 3639 incipiunt,
888 3563 986 3639 aaoipe
1001 3562 1163 3623 feniculum
