2662 3932
206 200 270 259 110
592 191 836 248 HILDEGARDIS

204 377 331 436 multem
353 375 548 453 fragilitatem
571 375 602 434 in
625 394 656 434 se
678 378 750 436 tunc
771 375 890 450 hebent,
913 393 983 434 cum
1007 373 1103 434 adhuc
1125 375 1228 435 Mans

204 470 262 541 est,
294 468 326 525 et
348 465 489 542 quonium
510 483 619 541 magna
640 464 788 524 fortitudo
811 465 843 522 in
866 463 983 523 homine
1011 466 1070 540 est,
1100 482 1171 524 cum
1196 484 1230 525 se

204 558 304 615 totum
326 573 445 613 sursum
474 554 562 631 erigit
589 553 627 612 ecl
658 552 888 625 ambulandum
923 553 1005 628 quod
1036 556 1133 612 cetera
1164 555 1227 612 sni·

204 639 294 711 melis
315 662 374 703 non
397 643 519 719 fuciunt,
551 643 691 720 quonium
721 642 775 701 ille
806 660 874 702 cum
904 644 975 700 nuta
1004 641 1126 718 fuerint,
1155 662 1227 702 mox

177 732 331 809 opedibus
354 732 415 792 suis
437 731 587 792 incedunt.
632 731 672 790 Et
693 730 749 790 hoc
771 731 838 790 ideo
861 733 918 807 est,
949 730 1021 807 quie
1048 730 1086 790 sd
1111 733 1227 790 terrum

204 840 298 898 prona
319 822 460 880 inclinata
483 824 561 892 sunt,
583 821 668 879 velut
687 819 1039 879 etieminfansmunibus
1054 821 1228 896 etpedibus

203 913 311 987 reptet,
334 913 493 987 antequem
514 909 551 968 ad
572 908 784 968 ambulandum
805 927 837 968 se
859 927 978 967 sursum
994 908 1108 985 erigere
1121 910 1227 985 possit.

204 999 261 1059 Sed
292 1004 392 1058 tamen
422 998 557 1076 quemvis
585 998 724 1056 animalia
751 1015 819 1057 mox
846 1001 916 1057 neta
944 997 1070 1074 pedibus
1100 1015 1130 1057 se
1162 1017 1227 1057 sus·

204 1092 326 1161 tentent,
350 1087 450 1148 sedere
472 1090 570 1146 tamen
593 1106 652 1146 non
673 1089 807 1163 possunt,
831 1087 909 1146 sicut
931 1086 1027 1146 infans
1042 1086 1131 1159 sedet,
1155 1105 1228 1147 cum

163 1178 337 1238 lenondum
360 1196 451 1253 supra
472 1175 560 1252 pedes
583 1193 652 1234 suos
675 1195 705 1235 se
728 1175 840 1252 erigere
862 1178 969 1251 potest.
1013 1174 1053 1234 ue
1076 1177 1148 1252 quic
1162 1177 1227 1236 eni·

202 1267 291 1325 mulie
313 1265 520 1325 fortitudinem
542 1265 573 1323 in
595 1264 733 1324 cruribus
756 1267 787 1324 et
808 1265 839 1323 in
861 1264 986 1340 pedibus
1008 1262 1130 1340 hubent,
1157 1264 1230 1325 ideo
1310 1305 1311 1348 ,

202 1358 272 1414 netu
294 1372 362 1413 mox
385 1353 534 1419 incedunt.
580 1352 637 1413 Sed
660 1353 802 1430 quoniam
824 1354 912 1413 homo
936 1352 972 1413 de
993 1353 1138 1414 umbilico
1161 1373 1227 1415 sur·
1310 1369 1311 1380 ³

203 1463 269 1504 sum
292 1442 500 1502 fortitudinem
522 1442 619 1520 hebet,
643 1446 673 1502 st
695 1442 767 1519 quia
789 1443 820 1501 in
843 1441 968 1518 pedibus
986 1445 1016 1502 et
1030 1443 1062 1502 in
1077 1442 1229 1520 cruribus,

204 1533 276 1593 dum
298 1533 394 1592 infans
417 1534 470 1608 est,
493 1531 597 1591 debilis
619 1532 741 1608 exsistit,
765 1531 874 1591 idcirco
897 1533 970 1591 tuuc
993 1531 1144 1591 ambulare
1166 1551 1229 1592 uon

166 1633 193 1678 15
206 1624 314 1698 potest.

274 1711 357 1784 Quod
378 1711 463 1770 tomo
485 1727 548 1770 non
570 1713 664 1772 notat.
710 1708 767 1769 ses
791 1709 863 1786 quis
884 1709 973 1769 homo
997 1710 1097 1787 gravis
1125 1714 1171 1770 est
1196 1711 1230 1769 in
1311 1769 1312 1786 ,

206 1818 337 1876 corpore,
361 1803 392 1860 et
414 1799 550 1858 munibus
573 1802 716 1875 operatur
739 1801 769 1858 et
791 1799 917 1874 pedibus
939 1798 1047 1858 incedit
1062 1802 1093 1858 et
1108 1818 1231 1859 sursum
1311 1799 1312 1824 ¹

205 1893 321 1950 erectus
344 1891 396 1963 est,
419 1892 450 1948 et
472 1889 544 1965 quic
566 1888 656 1947 etiam
678 1905 732 1947 nee
754 1888 887 1946 multum
909 1905 1012 1947 aereus
1027 1906 1081 1948 nec
1095 1908 1232 1965 aquosus

206 1981 258 2051 est,
291 1979 357 2038 ideo
380 1981 487 2038 nature
510 1978 573 2037 eius
596 1996 654 2037 non
685 1975 782 2050 hebet,
816 1979 853 2035 ut
885 1977 916 2036 in
943 1996 1021 2053 eque
1047 1980 1139 2054 nutet,
1171 1979 1231 2038 nisi

162 2068 369 2128 sesecundum
399 2066 464 2142 hoc,
500 2067 580 2143 quod
613 2065 765 2124 interdum
798 2084 852 2142 per
879 2085 909 2125 se
933 2066 1029 2128 discit.
1074 2067 1227 2126 Animalia

203 2175 273 2216 vero
296 2155 504 2216 fortitudinem
525 2156 557 2215 iu
580 2155 717 2214 cruribus
739 2154 850 2214 habent
872 2157 902 2215 et
923 2173 1018 2232 prona
1032 2155 1175 2215 incedunt
1196 2159 1231 2216 et
1312 2231 1313 2234 Ἴ

203 2245 288 2305 velut
310 2248 399 2304 vento
422 2246 454 2302 in
476 2244 614 2304 eruribus
629 2243 790 2320 vehuntur,
815 2246 846 2304 et
860 2244 927 2304 ideo
942 2243 1122 2304 naturaliter
1138 2265 1226 2322 quse-

204 2333 273 2393 t'lem
296 2352 400 2393 eorum
422 2337 524 2393 nature
546 2335 684 2409 possunt,
714 2333 785 2408 quia
807 2338 843 2392 ut
865 2334 896 2391 in
918 2336 999 2392 terre
1026 2352 1122 2410 prone
1149 2333 1227 2394 ince-

61 2485 66 2492 ,
203 2423 287 2497 dunt,
317 2422 361 2483 itu
390 2423 481 2482 etiam
511 2423 542 2480 in
566 2441 643 2498 aque
665 2440 760 2498 prone
790 2424 900 2494 nutent,
936 2421 1016 2499 quod
1046 2422 1136 2483 homo
1167 2442 1227 2484 non

161 2522 189 2568 25
202 2512 284 2588 fecit,
317 2512 459 2589 quonism
489 2514 571 2571 totus
604 2515 719 2571 erectus
752 2511 863 2571 incedit
894 2514 925 2570 et
958 2529 989 2571 se
1022 2511 1166 2572 inclinans
1198 2517 1228 2572 et

202 2605 388 2677 prosternens
410 2604 502 2661 natet

266 2691 313 2751 De
334 2691 480 2752 uberibus.
527 2688 612 2750 Oirca
639 2689 815 2749 umbilicum
842 2708 913 2750 vero
940 2689 1083 2765 mulieris,
1111 2690 1224 2750 scilicet

202 2779 340 2856 superius
363 2781 393 2839 et
414 2779 538 2838 inferius
555 2778 738 2854 umbilicum,
755 2777 900 2855 quaedum
914 2780 1039 2839 venulae
1053 2779 1226 2840 seinvicem

201 2868 387 2944 complicant,
401 2887 530 2944 quorum
545 2867 690 2945 quaedam
711 2885 828 2927 sursum
844 2867 882 2926 mi
896 2867 990 2928 ubera
1005 2885 1035 2927 se
1051 2869 1223 2944 extendunt,

162 2957 349 3034 sequacium
395 2956 531 3016 deorsum
555 2957 593 3016 ed
609 2957 762 3018 matricem
777 2956 967 3033 descendunt,
990 2958 1021 3016 et
1035 2957 1110 3016 istae
1124 2975 1224 3018 omnes

162 3062 165 3075 ·
202 3045 239 3104 de
262 3064 349 3106 succo
373 3046 508 3105 ciborum
531 3048 562 3105 et
583 3049 713 3122 potuum
734 3046 929 3122 repletionem
944 3046 1067 3123 capiunt
1082 3049 1113 3105 et
1127 3047 1224 3107 nutri·

200 3138 304 3207 untur,
326 3135 395 3194 illue
417 3138 516 3194 temen
539 3136 642 3212 magis,
666 3153 741 3211 quoe
764 3135 801 3194 ud
816 3135 917 3210 ubere,
941 3155 1032 3213 quem
1046 3134 1123 3212 illae,
1148 3155 1224 3214 quse

202 3224 238 3285 ud
268 3224 422 3284 matricem
455 3224 663 3286 extenduntur.
716 3223 841 3284 Interim
875 3226 976 3283 sutem
1011 3223 1083 3283 dum
1115 3226 1222 3284 mulier

200 3313 302 3390 puelle
325 3316 377 3387 est,
400 3313 494 3373 ubere
516 3313 543 3372 ei
567 3317 711 3388 crescunt,
734 3331 830 3390 usque
845 3313 918 3372 dum
932 3313 1065 3389 venulae,
1089 3333 1166 3390 quae
1188 3314 1225 3373 nd

161 3412 189 3459 35
202 3403 355 3462 matricem
387 3402 596 3478 extenduntur,
628 3403 742 3463 rivulos
774 3406 995 3462 menstruorum
1018 3402 1164 3478 educunt
1195 3407 1223 3463 et

202 3495 275 3552 tunc
297 3509 426 3552 crescere
449 3492 602 3565 desistunt,
626 3495 746 3568 excepto
769 3490 851 3568 quod
873 3494 976 3568 postea
995 3491 1079 3552 velut
1096 3492 1220 3570 spongia

199 3581 351 3642 interdum
373 3582 534 3658 replentur.
