2668 3924
306 189 312 204 a
377 166 517 222 CAUSAE
537 165 583 221 ΕΤ
602 165 725 222 CURAE
743 166 811 223 LIB.
828 167 876 223 IV.
1078 173 1140 232 203

124 354 242 424 transit,
266 353 473 430 gamandream
496 352 626 412 oleribus
650 355 680 411 et
702 353 768 411 aliis
791 351 875 412 bonis
897 352 1028 411 herbulis
1044 352 1142 426 addat,

122 463 160 502 ex
192 442 301 519 quibus
333 442 432 502 cibum
464 442 554 501 faciat
586 444 616 500 et
647 443 690 501 ita
716 442 842 500 eundem
871 443 970 502 cibum
992 442 1141 500 moderate

20 555 21 576 1
123 532 271 604 comedat;
302 535 331 590 et
354 533 532 608 gamandrea
558 531 743 606 praedictum
776 532 949 608 sanguinem
976 531 1086 590 minuit
1112 535 1143 590 et
1178 568 1182 572 -

124 640 196 680 eum
211 621 373 698 restringit,
398 623 478 680 olera
493 624 593 680 autem
609 623 639 681 et
654 620 728 680 aliae
743 620 851 679 herbae
875 641 943 680 eum
966 620 1141 680 refocillant

191 711 270 770 Item
304 711 339 770 dc
376 711 543 784 cmoptoa'ca.
603 709 635 768 Si
669 729 703 768 ex
739 710 936 768 amaritudine
978 711 1075 770 cordis
1113 714 1169 774 ets

123 799 341 877 cogitationum
365 801 448 875 splen
471 802 502 859 et
522 799 626 874 pulmo
650 799 778 857 hominis
801 799 970 872 laeduntur,
992 799 1036 858 ita
1060 799 1142 874 quod

123 889 215 947 homo
249 889 281 946 in
314 889 361 947 his
395 889 521 948 interius
556 907 714 965 oppressus
750 888 925 964 sanguinem
952 907 1087 947 excreare
1112 891 1141 947 at

124 996 260 1038 evomere
295 979 432 1055 cogitur,
472 977 594 1036 eandem
633 978 819 1036 emissionem
856 978 1009 1053 sanguinis
1043 979 1075 1036 in
1110 996 1141 1036 se

124 1073 245 1143 repente
268 1085 326 1126 non
349 1068 524 1144 restringat,
555 1087 591 1125 ne
618 1067 687 1125 inde
714 1066 840 1126 interius
864 1067 1050 1126 exulceratus
1074 1084 1138 1124 san-

20 1137 21 1168 r
125 1157 248 1232 guinem
270 1156 366 1233 magis
388 1160 419 1216 et
441 1157 537 1233 magis
565 1159 694 1228 evomat3
726 1155 778 1215 sed
808 1175 877 1214 cum
906 1157 986 1214 idem
1009 1157 1140 1216 vomitus
1155 1171 1182 1216 10

124 1245 278 1322 sanguinis
300 1245 332 1304 in
355 1264 388 1304 ao
412 1245 597 1321 aliquamdiu
620 1246 789 1320 cessaverit,
813 1246 844 1303 in
867 1245 976 1320 pollice
1004 1245 1141 1303 dexterae

124 1353 229 1393 manus
253 1337 427 1412 sauguinem
453 1335 578 1408 minuat,
611 1335 754 1410 quatinus
782 1335 903 1410 sanguis
928 1335 1002 1393 illuc
1029 1334 1140 1408 tendat,

124 1424 177 1500 qui
198 1425 230 1482 in
253 1423 371 1482 sinistre
393 1427 478 1500 parte
501 1423 628 1482 hominis
655 1425 780 1483 eundem
805 1423 939 1482 dolorem
963 1423 1056 1488 affert.
1100 1425 1140 1482 Et

124 1515 166 1572 sic
188 1513 240 1571 ille
263 1513 429 1576 curabitur.

190 1603 269 1661 lum
284 1602 320 1662 de
334 1603 491 1678 sanquine.
527 1601 559 1660 si
581 1621 635 1677 per
657 1602 815 1660 tristitiem
836 1603 992 1661 interiores
1014 1603 1139 1661 ventilas
1154 1619 1180 1662 15

123 1691 155 1749 in
177 1691 294 1750 homine
316 1692 360 1751 ita
383 1690 637 1768 constringuntur,
667 1691 748 1766 quod
770 1691 822 1749 ille
844 1691 995 1750 interdum
1018 1693 1137 1768 sangui·

20 1851 21 1856 η
123 1798 190 1838 nem
219 1781 338 1852 evomit,
367 1781 493 1840 eundem
521 1780 695 1857 sanguinem
723 1781 902 1857 restringere
929 1799 987 1839 non
1010 1781 1139 1856 festinet,

124 1869 229 1928 sedin
253 1870 352 1946 quiete
376 1873 405 1929 et
427 1871 459 1928 in
481 1869 597 1928 silentio
622 1870 776 1940 sustineat,
811 1888 905 1945 usque
938 1869 1011 1926 dum
1034 1889 1087 1945 per
1110 1889 1140 1928 se

20 1957 21 1962 ’
123 1959 154 2016 in
183 1959 249 2033 ipso
278 1963 381 2034 cesset,
414 1978 451 2018 ne
479 1959 505 2018 si
527 1962 648 2034 repente
677 1959 854 2035 restringere
881 1959 1038 2030 curaverit,
1071 1959 1140 2017 inde

20 2047 21 2134 f
124 2048 225 2123 potius
248 2048 386 2107 laedatur
409 2068 499 2124 quam
521 2049 650 2119 iuvetur,
681 2048 762 2123 quod
793 2047 912 2106 effluere
943 2048 1063 2106 tandem
1086 2067 1139 2123 per
1152 2061 1181 2106 20

20 2151 21 2200 3
124 2156 155 2196 se
178 2136 309 2196 cessabit.

20 2295 21 2304 χ
192 2227 240 2285 Dc
268 2227 412 2300 erisipila.
459 2224 535 2285 Oum
560 2226 696 2301 pustula,
730 2245 805 2302 quae
835 2224 991 2305 freislichaz
1019 2226 1139 2298 dicitur,

20 2331 21 2402 ᾗ
125 2315 157 2373 in
179 2314 299 2374 bomine
322 2335 390 2374 cum
413 2317 531 2374 tumore
559 2333 590 2373 se
622 2316 777 2391 inflaverit,
810 2334 924 2374 muscas
953 2315 1078 2391 accipiat
1110 2320 1140 2372 et

20 2409 21 2480 ζ
124 2404 273 2480 capitibus
302 2424 404 2464 earum
428 2403 548 2464 abiectis
572 2423 620 2463 eas
636 2408 778 2480 conterat,
806 2407 855 2475 (et
870 2405 931 2478 eis)
958 2405 1039 2462 tritis
1063 2404 1139 2464 circa

126 2497 275 2552 tumorem
297 2495 387 2552 illum
409 2494 555 2553 circulum
577 2494 674 2566 faciat,
699 2494 780 2570 quod
803 2513 947 2553 venenum
970 2511 1139 2551 muscarum
1153 2509 1180 2552 25

20 2579 22 2656 ς
124 2583 252 2642 istarum
275 2583 388 2642 resistit
410 2600 522 2643 veneno
546 2584 685 2658 pustulae
708 2584 804 2654 illius,
827 2602 863 2641 nc
886 2584 968 2641 ultra
990 2583 1139 2658 procedat.

20 2741 21 2750 χ
125 2671 237 2732 Deinde
260 2671 382 2731 rubeam
405 2672 593 2748 testudinem,
617 2692 692 2749 quae
715 2672 825 2748 absque
849 2671 958 2731 concha
973 2677 1025 2746 est,
1041 2683 1140 2730 sumet

20 2825 21 2839 ,
126 2764 156 2819 et
177 2781 212 2820 ea
233 2762 306 2820 trita
330 2763 486 2837 cumipse
509 2762 655 2820 circulum
678 2763 767 2820 faciat
790 2762 867 2820 circa
882 2760 1028 2821 circulum
1043 2761 1139 2832 illmn,

20 2843 21 2896 ἶ
125 2869 214 2926 quem
248 2870 317 2910 cum
346 2870 448 2910 musca
478 2851 562 2926 facit,
600 2856 631 2910 et
662 2852 739 2911 livor
769 2851 833 2909 eius
864 2850 963 2910 tabem
995 2851 1139 2926 praedicti

20 2995 21 3000 ,
124 2941 250 2999 tumoris
274 2941 440 3026 qompescit,
464 2944 622 3011 uitasset,
647 2940 736 3016 quod,
761 2941 842 3016 quod
857 2940 969 2999 malum
985 2944 1038 3016 est,
1061 2941 1138 2998 malo
1151 2953 1179 2998 30

125 3025 294 3106 repugnat
326 3029 432 3088 Postea
462 3048 584 3088 succum
614 3029 673 3088 lilii
704 3029 831 3104 accipiat
861 3032 891 3088 at
922 3032 1028 3105 cutem,
1062 3049 1139 3106 quae

126 3119 202 3177 circa
236 3119 382 3178 circulum
406 3123 458 3190 est,
494 3139 583 3195 quem
617 3137 685 3177 cum
709 3119 858 3178 testudine
881 3119 967 3195 fecit,
1002 3137 1070 3178 cum
1105 3138 1139 3178 eo

125 3211 281 3285 perungat,
314 3209 455 3284 quoniam
485 3208 565 3266 idem
593 3226 696 3267 succus
726 3208 859 3268 dolorem
886 3208 973 3266 illum
997 3208 1086 3285 fugat
1109 3211 1139 3266 et

126 3297 281 3356 sanitatem
312 3297 406 3360 affert.
456 3297 571 3356 Deinde
603 3297 711 3356 folium
738 3298 923 3357 vehedisteles
956 3297 1082 3372 accipiat
1110 3301 1139 3356 et

126 3385 202 3444 illud
225 3405 315 3462 snper
338 3387 459 3446 eandem
481 3387 634 3462 pustulam
657 3390 748 3462 ponat
772 3389 861 3463 atque
884 3386 919 3445 da
942 3405 1020 3462 pura
1042 3386 1138 3444 ferina
1152 3397 1179 3442 35

125 3475 239 3536 similae
263 3475 419 3535 tortellum
442 3477 551 3534 iaciens
576 3495 644 3534 eum
667 3494 757 3551 super
779 3476 858 3533 idem
881 3475 988 3534 folium
1003 3478 1033 3533 et
1049 3493 1138 3550 super

123 3565 223 3622 totum
249 3567 399 3623 tumorem
425 3564 514 3622 illum
543 3583 613 3623 cum
639 3583 736 3639 panno
765 3564 892 3639 desuper
920 3563 1008 3640 liget,
1042 3565 1139 3639 quati·
