2668 3924
385 178 526 234 CAUSAE
545 179 592 233 ET
611 179 733 234 OURAE
751 180 818 234 LIB.
837 180 884 233 IV.
1084 184 1146 244 205

200 364 246 423 De
269 364 375 425 scabie.
425 356 448 441 1)
458 363 565 438 Homo,
598 364 651 439 qui
678 363 795 422 diversa
827 364 928 423 ulcere
959 367 989 423 et
1021 364 1148 425 scabiem

128 453 256 528 patirur,
287 452 452 512 cerifolium
480 453 607 529 accipiat
629 457 660 511 el
682 457 728 511 ter
749 453 817 528 plus
838 453 874 512 de
889 453 1042 529 polipodic
1059 471 1149 529 quem

130 541 261 601 cerifolii
284 560 318 601 ac
341 543 444 600 enulae
467 542 627 618 quinquies
649 543 727 618 plus,
756 560 846 617 quem
878 543 1004 601 cerifolii
1036 543 1087 615 sil,
1119 545 1148 600 ct

129 631 204 690 hsec
226 631 258 689 in
281 650 359 707 eque
387 634 505 707 coquel.
548 631 655 690 Posbcs
678 650 756 707 aqua
779 631 833 691 hcc
865 649 1001 707 expressa
1034 634 1064 690 eb
1095 651 1148 707 per

129 739 263 796 pannum
287 721 382 780 colata
404 740 469 780 eam
494 721 525 778 in
548 720 730 797 carraginem
752 719 860 780 fundet
883 723 973 797 abque
995 720 1174 781 modicum5

129 809 203 868 novi
236 809 334 868 thuris
368 813 398 869 et
431 810 583 885 sulphuris
618 809 709 868 addat
741 811 771 868 eb
804 828 911 869 novam
942 812 972 867 et
999 813 1147 868 recentem

131 898 268 958 arvinam
283 899 367 974 porci
389 899 570 974 plusquam
588 898 717 957 aliorum
732 899 954 974 praedictorum
977 899 1026 970 sit,
1049 898 1146 974 addet,

130 989 171 1045 ut
192 988 235 1046 iba
261 987 352 1046 simul
374 988 405 1046 in
428 988 576 1065 ssmsgine
609 1006 699 1064 super
729 989 830 1066 iguem
851 988 1040 1064 aliquantum
1063 988 1147 1047 velut

128 1083 319 1154 unguentum
350 1077 537 1152 exspissebur.
582 1077 622 1136 Et
659 1097 727 1137 cum
762 1077 818 1137 hoc
855 1080 1008 1154 unguento
1044 1077 1146 1136 dolens

127 1166 207 1225 circe
229 1167 330 1225 ulcera
357 1169 388 1225 et
414 1183 504 1243 super
530 1167 631 1225 ulcera
658 1185 689 1225 se
716 1167 873 1244 iuungueb.
918 1165 976 1225 Sed
1004 1169 1035 1225 eb
1061 1184 1144 1241 pree·
1160 1181 1188 1227 10

131 1254 227 1314 dictas
250 1255 355 1315 herbas
378 1259 475 1315 cocles
498 1258 529 1313 et
552 1255 660 1315 calidus
688 1275 766 1332 aquc
794 1256 981 1331 aliquantum
1009 1273 1146 1330 expressa

128 1344 193 1403 cuti
216 1348 247 1403 et
269 1344 420 1404 ulceribus
443 1347 634 1420 superponat,
658 1343 714 1404 hoc
737 1348 837 1404 sulem
859 1364 914 1421 per
934 1345 1067 1421 quinque
1083 1344 1145 1403 dies

126 1433 228 1508 faciei,
259 1436 296 1492 ui
319 1434 396 1493 cubis
419 1437 449 1493 eb
471 1452 539 1494 caro
563 1433 627 1492 eius
650 1452 703 1508 per
732 1435 815 1494 istud
846 1434 1082 1508 lrsnsfundslur‚
1117 1437 1147 1492 cb

125 1525 232 1599 postea
254 1523 333 1580 idem
356 1522 458 1582 dolens
481 1523 585 1582 balneo
608 1541 639 1582 se
662 1522 774 1599 abluat,
799 1524 940 1600 quatinus
963 1523 1071 1583 livores
1095 1523 1147 1581 isti

128 1614 161 1670 eb
184 1612 283 1671 foetor
305 1612 341 1670 de
362 1613 428 1688 ipso
452 1613 636 1675 auferantur.
682 1612 757 1671 Nem
784 1612 951 1672 cerifolium
979 1631 1071 1688 aeque
1094 1627 1186 1672 css-15

10 1709 11 1776 g
127 1703 225 1760 lcrem
256 1703 288 1760 cl
316 1701 414 1779 frigus
444 1702 542 1776 hebet,
574 1705 604 1761 et
632 1720 700 1759 cum
727 1702 798 1761 haec
826 1701 922 1761 calore
944 1701 1090 1777 polipodii
1114 1704 1145 1760 el

125 1790 224 1850 calore
247 1791 353 1849 enulae
380 1794 411 1850 eb
441 1792 588 1850 suavitate
611 1809 704 1866 aquae
727 1796 758 1849 et
780 1809 849 1849 cum
871 1791 967 1850 calore
990 1790 1143 1865 sulphuris

9 1907 11 1926 ε
125 1881 156 1939 et
179 1898 249 1939 cum
272 1881 368 1938 calore
390 1879 489 1940 thuris
512 1883 542 1939 el
565 1898 634 1938 cum
657 1881 754 1939 calore
776 1879 894 1939 arvinus
917 1882 948 1938 el
962 1897 1031 1940 cum
1047 1879 1142 1938 alieno

9 1969 10 2038 ζ
126 1970 197 2045 igne
221 1971 414 2045 temperetur,
438 1988 546 2046 pravos
568 1969 707 2028 humores
729 1970 761 2028 in
783 1969 901 2028 homine
924 1969 1019 2045 fugsb
1065 1967 1142 2027 (leri-

9 2065 10 2070 ’
123 2058 236 2117 folium
258 2060 367 2131 autem,
402 2059 482 2136 qued
507 2059 634 2118 calorem
667 2061 698 2117 eb
732 2058 830 2135 frigus
864 2057 962 2129 habet,
996 2057 1143 2117 iniustum
1157 2071 1184 2117 sc

9 2213 10 2220 χ
125 2148 256 2206 calorem
286 2150 316 2206 et
349 2148 497 2207 iniustum
528 2147 627 2224 frigus
659 2148 795 2207 ulcerum
829 2152 859 2207 et
893 2147 1001 2207 scabiei
1036 2147 1156 2218 aufert,-

128 2237 210 2295 cslcr
233 2239 335 2295 eutem
356 2237 503 2312 polipodii
530 2254 638 2313 prasos
660 2236 800 2297 humores
831 2237 966 2312 exsiccet,
999 2239 1030 2295 et
1062 2237 1144 2296 calor

130 2325 236 2384 enulae
271 2343 320 2385 eos
354 2327 450 2403 fugat,
485 2326 566 2385 calor
600 2343 721 2403 quoque
755 2325 854 2385 thuris
887 2329 973 2385 scusi
1006 2328 1037 2384 et
1064 2326 1144 2384 calor

124 2413 279 2491 sulphuris
311 2433 360 2474 eos
393 2419 541 2486 attenuat,
572 2415 653 2474 cslcr
686 2419 788 2474 autem
822 2415 940 2476 srvinse
973 2414 1075 2473 ulcera
1113 2418 1144 2473 eb

124 2503 253 2562 scabiem
275 2503 382 2563 leniter
403 2508 494 2575 senat,
518 2523 587 2564 cum
609 2523 708 2563 recens
731 2507 784 2564 esi.
844 2501 847 2506 ’
1156 2516 1183 2562 25

193 2593 241 2652 Dc
260 2594 401 2656 ictericis.
439 2594 498 2664 Qui
519 2593 696 2668 yelcwcsucb
717 2593 814 2665 habet,
837 2593 994 2653 verbenam
1018 2593 1144 2668 accipiat

128 2684 159 2740 et
180 2682 227 2741 bis
248 2683 368 2741 lenium
383 2683 419 2742 de
436 2681 586 2759 sephania,
609 2685 646 2741 ub
660 2683 804 2742 verbenae
820 2685 873 2757 est,
896 2685 926 2740 eb
948 2681 1082 2741 nimmcli
1097 2685 1145 2740 ter

123 2773 245 2830 iculum
267 2773 303 2829 ut
325 2772 476 2847 verbenae,
500 2772 548 2832 vel
570 2772 596 2831 si
619 2773 790 2848 cephsniam
812 2790 871 2830 non
893 2770 1040 2846 habuerit,
1068 2771 1142 2830 sexi·

123 2859 231 2919 fricum
254 2861 358 2920 eodem
380 2861 519 2936 pondere,
542 2864 579 2920 ub
593 2860 737 2921 verbenae
761 2864 813 2933 osb,
837 2861 962 2936 accipiat
985 2862 1016 2919 eb
1037 2860 1143 2919 hcrbss

127 2950 200 3008 isles
234 2950 266 3008 in
303 2950 454 3026 optimum
487 2951 590 3011 vinum
629 2953 723 3026 ponat
759 2951 790 3010 in
828 2950 949 3010 vasculo
991 2950 1185 3008 reconditum

126 3039 265 3115 superius
296 3039 415 3099 fortiter
442 3043 593 3116 cooperto.
638 3041 678 3099 st
708 3041 813 3101 vinum
844 3039 926 3099 istud
953 3058 1007 3115 per
1038 3057 1143 3098 novem

125 3127 188 3187 dies
210 3128 328 3188 ieiunus
351 3129 447 3201 bibat,
480 3130 531 3188 sed
558 3147 684 3206 prensus
712 3129 828 3190 modice
855 3127 1052 3204 bibeturque
1075 3146 1143 3188 cum

125 3217 228 3276 ecdem
258 3217 327 3278 vinc
359 3222 389 3278 eb
418 3237 474 3278 ovo
506 3237 539 3278 uc
570 3219 713 3296 sagimine
742 3222 828 3295 peret
860 3221 890 3276 et
918 3217 1059 3278 comedet.
1104 3216 1144 3275 El

125 3323 193 3364 cum
216 3306 380 3365 dormitum
394 3308 485 3383 vadii,
508 3309 589 3367 idem
611 3308 715 3367 viuum
737 3307 833 3384 ignito
849 3305 943 3367 celibe
966 3306 1144 3365 calefactum

124 3393 208 3454 bibat
240 3399 271 3456 et
301 3415 331 3456 se
363 3397 458 3456 calido
490 3397 666 3457 vestimento
689 3400 780 3474 teget,
812 3391 866 3479 [eb]
890 3400 926 3455 ut
953 3395 1052 3467 sudem
1086 3394 1143 3454 hcc
1156 3408 1183 3453 35

126 3527 339 3538 ——-—--

196 3585 218 3656 1)
237 3605 264 3641 v.
286 3587 373 3642 1-15
394 3613 425 3632 =
447 3587 543 3659 Migue
564 3587 634 3642 1160
653 3586 682 3641 (l.
