2668 3924
343 172 485 228 CAUSAE
504 173 551 228 ΕΤ
570 172 693 228 conell
711 174 779 228 LIB.
799 173 848 231 IV.
1047 180 1107 240 197

91 362 125 418 et
152 376 208 434 pro
239 356 392 416 retinenda
419 355 560 432 sospitate
583 356 692 416 cotidie
716 358 754 417 ad
786 359 887 417 oculos
910 361 940 417 et
963 357 1001 416 ad
1024 375 1109 416 aures

92 451 125 507 et
148 447 187 506 ad
209 464 294 505 nares
317 445 410 504 acad
433 463 465 504 os
488 463 576 504 snum
608 445 755 524 adhibeat,
786 450 822 505 ut
856 446 976 507 odorem
1008 465 1110 506 aarum

92 537 233 612 excipiat.
278 535 318 594 Et
342 535 367 594 si
390 553 498 610 magna
522 535 677 595 delectatio
701 537 733 595 in
754 536 818 596 viro
847 539 899 613 est,
931 555 978 595 aas
1000 536 1109 613 ligatas

91 627 125 685 in
156 643 287 701 pannum
320 644 337 682 a
366 623 476 684 lumbis
507 642 604 700 usqne
634 625 672 683 ad
705 626 828 701 stirpem
861 629 966 701 ponat3
1002 625 1110 684 mulier

92 718 197 775 autem
221 713 258 773 ad
280 713 463 783 umbilicum,
488 715 518 772 et
540 713 731 791 refrigerium
753 714 867 774 sentiet
912 714 952 772 Et
979 715 1004 774 si
1027 713 1139 790 quis-5

91 805 175 881 piam
198 803 297 864 cibum
321 801 490 876 comederit,
523 802 601 862 unde
636 803 725 872 dolet,
761 821 808 862 eas
841 803 873 861 in
907 803 1109 862 summitatem

92 894 152 954 arti
185 892 299 952 vasculi
329 891 465 967 superius
488 891 640 962 immittat,
676 893 708 951 in
742 911 802 968 qno
833 892 937 951 vinum
964 893 1016 964 est,
1050 909 1109 950 non

91 988 197 1042 tamen
219 984 256 1041 ut
278 1000 296 1039 a
318 981 387 1040 vino
411 981 582 1057 tangantur,
614 980 666 1040 sed
696 984 733 1040 ut
754 982 857 1041 vinum
880 980 957 1040 illud
988 979 1110 1040 odorem

90 1091 198 1132 earum
230 1072 349 1130 tantum
381 1069 534 1145 suscipiat,
568 1073 598 1129 et
625 1070 695 1130 vino
725 1071 781 1130 hoc
803 1070 950 1130 modicam
973 1068 1106 1129 sobrian-

92 1162 205 1235 oulam,
228 1160 259 1220 id
282 1162 327 1218 est
349 1159 455 1233 roffea,
478 1161 564 1234 paret
587 1162 617 1218 et
638 1158 683 1218 ita
706 1159 832 1219 sorbeat.
863 1159 970 1218 Sedet
994 1159 1019 1218 si
1041 1158 1109 1235 quis
1124 1165 1151 1212 10

91 1246 242 1310 venerium
277 1247 438 1324 sumpserit
460 1248 508 1307 vel
542 1248 567 1306 si
602 1249 669 1324 quis
704 1249 819 1325 magice
852 1253 915 1308 arta
953 1248 1109 1325 fatigatur,

91 1340 199 1399 vinum
224 1338 314 1396 odore
336 1337 394 1396 isto
417 1337 572 1413 perfusum
594 1337 686 1413 bibat,
715 1343 744 1398 et
767 1338 873 1398 melius
896 1338 1026 1400 habebit.
1070 1337 1110 1396 llt

11 1507 12 1510 Ἴ
92 1429 149 1506 qni
171 1427 320 1504 praefatas
342 1425 455 1501 herbae,
479 1429 515 1484 ut
537 1426 722 1502 praedictum
745 1430 801 1497 est,
829 1431 1006 1503 temperatas
1029 1425 1110 1502 apud

89 1538 122 1578 aa
146 1519 258 1593 portat,
286 1515 458 1592 sospitatem
481 1517 511 1573 ot
533 1515 740 1575 fortitudinem
762 1515 910 1592 retinebit,
939 1517 1020 1593 quod
1047 1535 1108 1575 eae-

90 1609 161 1666 dem
191 1605 297 1665 herbae
330 1623 384 1680 per
416 1622 514 1664 omnes
545 1604 633 1663 horas
667 1608 697 1664 et
718 1625 773 1681 per
795 1623 912 1664 omnem
935 1604 1110 1681 temperiem
1123 1613 1150 1660 lo

88 1700 156 1756 tam
178 1695 274 1754 noctis
296 1713 387 1769 quam
409 1693 469 1752 diei
491 1697 672 1770 temperatae
694 1697 773 1757 sunt.

160 1785 208 1844 De
235 1800 364 1857 epasmo.
402 1776 509 1861 ¹)Oum
532 1784 673 1856 orompto
695 1782 846 1842 hominem
869 1782 978 1840 alieubi
1001 1783 1031 1840 in
1046 1799 1108 1841 cor-

88 1893 165 1950 pore
188 1892 241 1932 sno
268 1872 369 1943 laedit,
403 1871 585 1932 boumolaom
621 1873 748 1948 accipiat
776 1874 806 1931 et
836 1872 867 1929 in
899 1871 1003 1931 eodem
1033 1871 1107 1946 loco,

88 1963 146 2022 ubi
167 1961 258 2036 dolet,
281 1980 349 2021 cum
385 1965 462 2035 (eo)
506 1979 536 2020 se
559 1961 679 2020 fortiter
702 1963 858 2038 perungat,
882 1962 935 2019 aut
958 1960 983 2018 si
1008 1960 1106 2020 boom-

95 2053 195 2114 oloum
217 2051 395 2124 nonhabet,
428 2069 497 2110 oum
524 2050 582 2109 alio
606 2051 708 2127 aliquo
731 2050 860 2126 pretioso
887 2051 1040 2126 unguento
1067 2048 1150 2108 ibim

90 2161 123 2201 se
148 2142 306 2218 perungat.
351 2139 438 2210 Quod
470 2139 495 2198 si
525 2157 578 2198 nec
601 2139 783 2200 baumoleum
804 2157 858 2198 neo
880 2138 964 2196 aliud
985 2138 1108 2215 aliquod

90 2233 286 2307 unguentum
308 2229 416 2287 habere
438 2229 558 2304 poterit,
588 2230 660 2287 tunc
691 2247 745 2304 per
777 2228 902 2288 eundem
924 2227 1033 2299 locum,
1056 2227 1109 2286 ubi

91 2321 130 2378 de
160 2319 302 2397 erumpite
336 2318 424 2388 dolet,
456 2335 561 2376 manus
592 2335 659 2376 suas
688 2318 808 2377 fortiter
836 2317 979 2377 movendo
1002 2318 1056 2376 hac
1079 2320 1109 2375 et

91 2409 165 2469 illac
188 2408 296 2482 trahat,
320 2411 351 2466 et
373 2407 458 2466 dolor
480 2406 531 2466 ille
559 2407 692 2467 cessabit.
738 2401 819 2468 Nam
846 2405 926 2466 calor
956 2408 985 2464 et
1012 2406 1109 2465 virtus

92 2497 239 2558 doomolci
262 2515 314 2556 san
337 2497 434 2556 virtus
457 2495 585 2555 aliorum
608 2498 832 2572 unguentorum
855 2494 974 2553 fumum
996 2494 1104 2553 melan·
1120 2501 1147 2546 aa

92 2586 187 2647 eoliae
210 2585 253 2644 ibi
275 2586 371 2662 fugat,
394 2589 424 2644 et
446 2603 514 2644 cum
537 2584 627 2644 etiam
649 2587 732 2644 locus
748 2584 878 2643 eiusdem
894 2582 1004 2643 doloris
1019 2601 1109 2642 manu

90 2676 200 2736 leniter
221 2675 356 2748 fricatur,
379 2674 457 2734 idem
480 2672 567 2733 dolor
589 2673 723 2751 fugatur,

162 2766 210 2824 De
225 2765 408 2824 tortionibus.
447 2755 587 2842 ²)Homo,
604 2763 657 2839 qni
671 2762 829 2823 machedum
843 2761 967 2838 patitur,
982 2763 1108 2820 metram

91 2853 222 2929 accipiat
253 2856 284 2912 et
318 2871 382 2912 eam
409 2851 447 2912 ad
474 2870 596 2911 succum
623 2851 744 2910 fortiter
767 2851 930 2910 contundat
953 2853 983 2910 et
1004 2850 1109 2910 deinde

91 2943 245 3003 modicum
269 2941 305 3001 de
328 2940 438 3017 butyro
461 2960 617 3002 vaccarum
646 2941 672 2999 ei
701 2939 791 3000 addat
823 2943 853 2998 et
876 2958 943 2999 cum
966 2939 1027 3012 illo,
1054 2939 1107 2998 ubi
1121 2946 1149 2992 ³0

92 3031 185 3107 dolet,
219 3050 250 3091 se
283 3034 438 3108 perungat,
462 3035 492 3089 et
525 3030 688 3102 curabitur,
725 3029 806 3106 quod
840 3030 921 3088 calor
955 3032 984 3088 et
1010 3029 1108 3088 virtus

91 3124 206 3180 metrae
237 3139 305 3181 cum
338 3120 433 3179 calore
461 3122 491 3178 et
522 3120 669 3180 suavitate
699 3118 804 3196 butyri
827 3118 953 3178 eundem
976 3118 1108 3177 dolorem

90 3211 183 3286 fugat
205 3212 235 3268 et
258 3209 386 3285 mitigat.
418 3203 448 3291 [t
458 3199 599 3288 ⁸)Accipe
622 3208 747 3268 salviam
762 3209 860 3267 minus
877 3227 967 3284 quam
983 3207 1108 3266 Mamor

91 3303 124 3360 et
147 3297 311 3358 feniculum
334 3298 403 3373 plus
427 3316 516 3374 quam
539 3298 648 3358 salviae
671 3300 701 3356 et
725 3299 856 3356 adumar.
895 3296 1001 3355 Postea
1023 3314 1106 3354 sume

167 3505 187 3572 1)
206 3523 233 3560 v.
254 3503 358 3558 17-19
376 3526 412 3548 =
430 3501 528 3572 Migne
548 3501 617 3555 1230
638 3500 671 3555 D.
690 3531 724 3539 —
745 3501 767 3568 ²)
787 3518 812 3553 v.
831 3498 936 3553 28-31
956 3523 992 3545 =
1010 3497 1106 3568 Migno

91 3577 163 3632 1177
183 3575 212 3631 0.
233 3606 266 3614 -
286 3574 308 3644 3)
328 3591 352 3628 v.
371 3575 470 3644 33—p.
491 3573 564 3640 198,⁴
584 3597 619 3618 =
639 3571 735 3642 Migne
755 3571 824 3625 1136
844 3571 867 3624 D
875 3589 882 3635 ;
902 3589 927 3627 v.
946 3588 973 3641 p.
992 3567 1054 3624 209.
