2662 3932
393 175 535 230 CAUSAE
554 173 600 229 ET
619 174 741 229 GURAE
759 174 826 230 LlB.
846 175 882 228 IL
1083 181 1143 240 141

127 359 292 437 procedens
314 361 414 436 ignem
436 359 590 418 irrorando
613 358 774 434 humectat,
804 359 848 417 ita
873 359 953 436 quod
985 359 1047 433 ipse
1070 359 1147 435 ignis

121 453 240 510 rectam
262 448 438 524 temperiem
461 448 578 524 corpori
600 447 727 506 hominis
744 448 803 523 dat,
827 447 954 524 etquod
971 449 1148 508 etiamtunc

122 538 295 616 frigiditate
318 541 348 596 et
371 536 548 596 humiditate
576 540 767 613 temperatur.
813 536 870 596 Sed
898 537 1148 613 quemadmodum

123 632 254 687 terrores
275 628 487 703 tempestatum
511 629 541 685 et
563 626 743 702 grandinum
767 645 864 684 aerem
887 627 1078 696 conturbant,
1106 627 1149 685 ita

125 717 206 793 quod
223 717 255 774 in
272 715 437 774 ministerio
448 733 502 773 auo
512 720 623 774 rectem
637 715 831 792 frigiditatem
847 715 902 774 soli
925 735 983 775 non
998 716 1149 775 ministrat
1162 726 1175 769 5

124 825 180 866 nec
203 807 249 865 sol
270 805 317 863 illi
338 807 453 863 rectum
469 805 604 875 calorem,
628 805 669 864 sic
684 804 774 863 etiam
790 805 898 863 diversi
915 805 973 863 cibi
988 805 1148 880 aliquando

125 893 313 954 stomachum
336 893 484 963 irretiunt,
506 893 549 952 ite
572 894 652 970 quod
671 894 734 969 ipse
749 893 786 951 ab
802 894 844 952 eis
860 896 1024 952 commotus
1039 894 1148 952 iustam

125 983 383 1060 refrigerationem
406 982 498 1041 calori
520 983 667 1040 medullae
689 1002 748 1042 non
763 984 863 1057 potest
877 983 1046 1052 immittere,
1069 983 1148 1041 unde

126 1073 249 1132 candem
272 1072 432 1130 medullam
455 1071 486 1128 in
508 1072 651 1147 procellas
675 1076 705 1130 et
727 1073 758 1130 iu
781 1075 929 1130 tumorem
950 1072 1049 1147 potius
1073 1090 1147 1130 com·

9 1209 10 1224 t
125 1165 225 1221 movet
248 1181 337 1237 quam
359 1161 389 1218 in
413 1161 594 1234 temperiem.
1162 1170 1190 1214 10

192 1251 239 1310 Dc
263 1250 398 1322 crapula.
443 1248 519 1308 Nam
534 1269 603 1308 cum
623 1250 710 1309 homo
733 1246 864 1310 diversas
886 1268 986 1309 carnes
1008 1253 1038 1308 et
1058 1267 1149 1325 supra

126 1340 251 1398 modum
263 1339 372 1398 calidos
388 1357 421 1398 ac
435 1339 507 1398 alios
523 1339 663 1398 delicatos
678 1339 759 1400 cibos
775 1340 976 1400 indifferenter
991 1343 1021 1398 et
1036 1338 1148 1398 inordi-

126 1431 196 1487 nata
208 1428 345 1499 comedit,
358 1445 462 1486 succus
474 1447 577 1486 eorum
590 1446 710 1487 succum
726 1428 875 1487 medullae
891 1429 974 1488 illius
985 1429 1017 1487 in
1033 1430 1146 1486 contra·

127 1519 202 1576 riam
226 1519 434 1593 tempestatem
457 1517 572 1586 excitat,
595 1517 638 1575 ita
660 1518 741 1593 quod
757 1518 788 1575 in
803 1517 1027 1577 delectationem
1042 1518 1146 1594 surgit.

125 1607 167 1665 Et
189 1607 256 1666 ideo
279 1606 375 1681 homo,
399 1605 451 1683 qui
475 1625 574 1665 carnes
598 1606 748 1665 comedere
770 1607 845 1679 vult,
874 1626 922 1666 eas
946 1607 1095 1666 moderate
1118 1609 1149 1664 et
1162 1616 1189 1662 15

125 1696 257 1771 simplici
289 1696 475 1754 condimento
506 1699 602 1754 coctas
634 1696 768 1754 comedat
795 1699 825 1754 et
847 1715 905 1754 non
928 1696 1016 1754 nimis
1039 1695 1148 1753 calidas

126 1803 180 1844 nee
196 1784 285 1843 nimis
301 1784 436 1844 deliciose
453 1784 575 1843 diversis
589 1784 767 1844 tultionibus
783 1787 814 1842 et
828 1784 1021 1844 condimentis
1031 1786 1149 1859 paratae

127 1879 159 1932 et
174 1874 314 1942 irretitas,
331 1873 401 1949 quia
416 1891 520 1932 succus
535 1893 638 1932 earum
654 1874 876 1950 aliquantulum
892 1873 1041 1950 quandam
1057 1873 1146 1931 socie·

125 1967 221 2022 tatem
256 1963 293 2021 ad
327 1981 447 2022 succum
480 1963 573 2022 carnis
607 1963 734 2022 hominis
761 1963 851 2022 habet
873 1965 904 2020 et
926 1961 1148 2021 delectationem

125 2051 276 2112 medullae
299 2052 362 2111 eius
384 2051 471 2110 facile
485 2052 602 2126 incutit,
626 2052 873 2128 quemadmodum
890 2052 979 2110 etiam
995 2050 1148 2126 squalidus
1161 2058 1190 2104 20

131 2143 161 2200 et
185 2141 287 2199 aridus
303 2143 409 2200 ventus
425 2140 502 2199 vires
517 2142 593 2200 roris
608 2141 767 2217 imminuit,
783 2141 826 2200 ita
842 2140 922 2218 quod
937 2144 1039 2216 aptam
1053 2140 1149 2198 humi·

130 2231 258 2290 ditatam
293 2230 384 2289 calori
418 2230 488 2289 solis
522 2229 746 2289 subministrare
776 2251 833 2290 non
865 2231 956 2302 valet3
988 2230 1029 2288 sic
1060 2230 1149 2288 etiam

129 2321 209 2378 forte
233 2322 263 2378 et
284 2320 448 2395 pretiosum
471 2319 574 2378 vinum
597 2319 658 2378 vim
680 2320 793 2378 vesicae
815 2319 943 2378 hominis
970 2322 1079 2393 torret,
1106 2319 1149 2377 itu

127 2409 210 2485 quod
232 2409 298 2483 ipsa
329 2411 439 2468 rectem
469 2408 654 2467 viriditatem
683 2407 830 2467 medullae
863 2408 926 2466 eius
956 2408 1058 2466 afferre
1090 2425 1147 2466 non

126 2497 248 2574 poterit.
1160 2503 1188 2548 25

193 2587 240 2646 De
263 2588 342 2648 uiuo.
372 2584 448 2644 Nam
470 2587 572 2644 vinum
597 2589 641 2645 est
664 2586 783 2663 sanguis
806 2589 901 2644 terrae
918 2587 1007 2644 otest
1022 2586 1053 2642 in
1069 2588 1149 2643 terra

127 2679 164 2734 ut
196 2675 317 2751 sanguis
346 2675 377 2733 in
408 2675 526 2734 homine
553 2679 583 2734 et
605 2676 689 2734 velut
712 2676 859 2752 quandam
883 2675 1053 2734 societatem
1080 2693 1149 2733 cum

127 2764 273 2841 sanguina
301 2763 429 2823 hominis
455 2763 543 2822 habet
571 2767 600 2822 et
627 2763 693 2823 ideo
717 2766 806 2823 etiam
829 2764 913 2823 velut
935 2763 1149 2822 velocissimam

126 2856 225 2914 rotam
248 2854 374 2912 calorem
398 2871 487 2912 suum
510 2872 546 2912 ex
567 2854 664 2912 vesica
686 2853 723 2912 ad
747 2852 905 2912 medullam
931 2852 1015 2910 ducit
1038 2856 1068 2910 et
1083 2871 1148 2909 eam

126 2943 158 3002 in
181 2942 422 3002 ardentissimum
446 2942 581 3001 ardorem
606 2943 721 3017 evertit,
744 2943 787 3001 ita
811 2942 891 3018 quod
915 2945 945 3001 et
967 2940 1067 3000 eadem
1090 2960 1148 2999 me·
1162 2947 1190 2993 30

128 3032 212 3090 dulla
233 3031 380 3090 fervorem
404 3031 608 3090 delectationis
631 3033 769 3109 sanguini
799 3038 871 3090 tunc
903 3030 1018 3092 tribuit.
1063 3029 1148 3088 Unde

126 3121 225 3192 homo,
264 3121 317 3196 qui
352 3120 516 3194 pretiosum
550 3124 580 3178 et
602 3121 679 3180 forte
701 3121 804 3179 vinum
832 3121 931 3179 bibere
958 3120 1035 3194 vult,
1073 3117 1150 3176 illud

128 3229 207 3286 aqua
230 3210 360 3283 misceat,
384 3213 420 3268 ut
442 3209 590 3268 tortitudo
615 3213 645 3268 et
667 3211 748 3269 calor
764 3211 826 3268 eius
842 3211 1028 3284 aliquantum
1045 3207 1147 3266 debili·

127 3301 211 3358 tetur
233 3302 263 3357 et
285 3301 480 3374 temperetur3
509 3303 540 3358 et
571 3299 660 3358 etiam
689 3299 793 3357 vinum
820 3299 904 3368 illud,
937 3297 1016 3374 quod
1040 3297 1149 3356 dicitur

129 3388 336 3462 Hunonicum,
365 3406 443 3464 aqua
464 3391 622 3462 temperet,
656 3388 796 3464 quatinus
824 3406 902 3464 aqua
921 3386 1190 3444 amaritudinemaa

128 3481 159 3536 et
182 3476 374 3536 acerbitatem
396 3477 477 3535 illius
500 3496 622 3536 suavem
646 3477 736 3535 faciat
758 3480 788 3534 et
805 3476 936 3547 deliniat,
960 3474 1049 3550 quod,
1073 3474 1150 3532 sicut

132 3566 256 3642 sanguis
281 3564 380 3623 au'dus
404 3568 449 3624 est
471 3567 502 3624 et
523 3584 581 3624 non
604 3566 672 3624 fluit
699 3564 807 3639 absque
838 3563 1015 3621 humiditate
1047 3580 1149 3635 aquae,
