2662 3932
369 161 510 218 CAUSAE
530 162 578 218 ET
597 161 718 218 CURAE
736 163 802 218 LIB.
822 163 859 218 11.
1082 169 1123 228 83

94 347 196 408 bonae
219 350 251 408 et
273 349 391 406 sanotae
414 350 496 422 sunt,
527 346 623 424 gratia
651 346 699 406 dei
729 347 774 406 illi
804 365 892 423 saepe
922 355 1004 406 verat
1018 347 1050 406 in
1081 347 1124 407 eis

94 436 247 509 ostendit3
271 437 297 496 si
322 438 422 496 autem
444 455 537 494 vanae
553 439 630 511 sunt,
654 435 790 496 diabolus
804 435 862 495 hoc
877 435 979 497 videns
996 436 1124 494 animam

92 526 232 586 hominis
254 525 338 584 illius
363 525 536 585 multotiens
559 529 632 584 tunc
654 528 748 585 terret
767 529 797 584 et
811 525 963 586 mendacia
977 543 1031 584 sue
1046 526 1124 602 cogi·

92 614 267 675 tationibus
297 613 357 673 illis
384 614 573 676 intermiscet.
620 613 677 674 Sed
704 614 793 674 etde
820 614 927 674 sanctis
954 613 1125 674 hominibus

93 703 205 780 turpio
227 722 313 779 seepe
339 703 369 761 in
385 703 524 762 irrisione
539 721 593 763 sua
608 704 800 764 demonstrat.
836 702 912 762 (lum
934 703 1011 764 enim
1035 702 1124 763 bomo
1151 713 1165 756 5

94 796 156 852 aut
193 794 295 868 inepta
329 791 444 852 laetitia
478 795 532 852 aut
566 792 691 852 tristitia
724 794 778 852 aut
811 793 856 852 ira
892 794 946 852 aut
979 793 1125 868 angustiis

95 886 157 942 aut
195 881 354 941 ambitione
397 881 569 942 dominandi
611 885 665 942 aut
707 881 773 942 eliis
815 881 987 941 huiusmodi
1030 883 1125 942 causis

93 974 134 1032 in
163 971 260 1031 auimo
289 974 452 1046 occupatus
481 970 643 1042 obdormit,
675 969 731 1030 hoc
764 971 791 1030 ei
821 969 957 1032 diabolus
987 970 1125 1030 illusione

95 1079 156 1121 sua
202 1060 376 1122 multotiens
425 1059 456 1118 in
502 1062 612 1120 somnis
653 1060 811 1136 proponit,
864 1060 1007 1140 quoniam
1057 1077 1125 1119 cum

96 1149 256 1226 vigilaret,
288 1167 322 1208 ea
355 1149 387 1208 in
418 1148 482 1223 ipso
514 1149 599 1214 vidit.
644 1149 701 1208 Sed
729 1153 759 1210 et
786 1167 854 1210 cum
876 1149 907 1208 in
931 1148 1125 1208 delectatione
1139 1157 1165 1202 1⁰

98 1238 199 1299 cernis
232 1238 385 1298 interdum
420 1237 583 1310 obdormit,
618 1237 693 1298 hanc
728 1239 756 1297 ei
789 1238 879 1298 etiam
917 1241 947 1297 et
981 1237 1126 1300 diabolica

97 1328 205 1388 illusio
235 1327 386 1388 interdum
417 1327 521 1399 obicit,
552 1327 596 1388 ite
627 1327 706 1404 quod
736 1327 902 1388 viventium
937 1345 1060 1403 corpora
1098 1327 1125 1385 ei

100 1416 237 1478 ostendit
271 1420 301 1476 at
334 1416 423 1476 etiam
461 1416 622 1492 aliquando
660 1434 784 1492 corpora
817 1419 1018 1487 mortuorum,
1041 1416 1125 1476 'cum

99 1506 214 1584 quibus
247 1505 405 1582 aliquando
439 1505 673 1566 familiaritatem
704 1504 811 1566 habuit
844 1506 892 1564 vel
927 1525 1001 1582 quos
1035 1506 1125 1566 etiam

97 1614 267 1671 numquam
290 1595 494 1670 corporalibus
517 1595 611 1654 oculis
635 1594 719 1670 vidit,
747 1595 791 1653 ita
814 1595 895 1671 quod
918 1594 975 1654 sibi
997 1594 1124 1670 videtur,
1139 1603 1166 1647 15

100 1684 186 1762 quod
219 1702 286 1743 cum
317 1684 358 1744 eis
386 1683 442 1744 hoc
473 1684 561 1744 modo
587 1685 620 1743 in
646 1685 774 1759 peccatis
803 1687 832 1743 et
855 1684 886 1742 in
908 1683 1125 1760 pollutionibus

100 1775 283 1849 delectetur,
307 1773 394 1848 quasi
416 1773 523 1850 vigilet
544 1774 592 1833 vel
615 1774 700 1850 quasi
722 1773 767 1831 illi
791 1773 889 1848 etiarn,
913 1774 966 1848 qui
994 1773 1126 1833 defuncti

99 1871 186 1934 sunt,
208 1862 328 1934 vivuut;
359 1862 402 1922 ita
433 1862 514 1939 quod
545 1864 635 1921 etiam
661 1861 763 1938 turpia
788 1862 820 1920 in
850 1861 959 1920 semine
987 1880 1041 1922 suo
1069 1861 1125 1920 sibi

102 1951 256 2014 accidunt.
292 1951 332 2011 Et
355 1953 495 2028 quoniam
519 1951 654 2011 diabolus
671 1970 738 2012 cum
754 1950 898 2027 vigilante
913 1949 1033 2010 homine
1057 1969 1125 2010 oum

101 2039 349 2118 suggestionibus
364 2041 425 2100 suis
440 2039 592 2112 bachatur,
617 2041 683 2100 ideo
708 2040 797 2100 etiem
821 2059 889 2098 eum
911 2039 994 2099 etin
1017 2040 1125 2099 somnis
1138 2045 1168 2092 20

103 2131 225 2208 fatigat.
270 2129 328 2190 Sed
351 2130 433 2206 quod
456 2130 554 2188 anima
577 2130 696 2205 corpori
718 2129 806 2188 infixe
828 2132 886 2201 est,
919 2129 946 2187 ei
973 2131 1036 2190 tam
1059 2128 1125 2188 dor·

103 2220 211 2279 mienti
232 2238 322 2295 qnam
345 2219 485 2296 vigilanti
508 2218 643 2295 quemvis
667 2219 762 2278 invita
783 2219 957 2279 multotiens
980 2214 1128 2278 consentit

105 2313 137 2368 et
160 2308 291 2369 diversos
314 2310 414 2367 motus
436 2309 467 2368 in
498 2327 532 2368 eo
562 2311 660 2368 movet
667 2328 677 2380 ;
711 2308 783 2384 quia
810 2307 888 2367 sicut
917 2327 966 2366 aer
992 2307 1024 2366 in
1051 2326 1129 2385 aqua

105 2400 204 2458 rotem
227 2396 387 2457 molendini
412 2397 584 2457 circumfert
599 2400 629 2456 ct
644 2397 721 2456 illud
740 2397 850 2456 molere
869 2397 950 2468 facit,
973 2397 1015 2456 sio
1038 2398 1128 2456 etiam

108 2504 217 2562 corpus
247 2490 286 2565 ‘et
325 2486 498 2546 dormientis
532 2490 563 2545 et
592 2486 745 2562 vigilantis
775 2485 903 2546 hominis
941 2485 979 2544 ad
1009 2485 1167 2546 diversans

106 2593 200 2652 opera
223 2577 329 2636 movet.

176 2665 222 2725 De
243 2666 364 2724 animae
387 2665 497 2736 effecto.
543 2661 618 2723 Nam
646 2664 723 2724 siout
753 2664 797 2724 sol
829 2664 881 2722 lux
909 2663 968 2722 diei
996 2666 1054 2733 est,
1087 2663 1129 2723 sic

109 2758 140 2814 et
162 2754 261 2813 anima
283 2755 336 2812 lux
360 2753 510 2830 vigilantis
533 2753 668 2829 corporis
690 2756 743 2828 est,
768 2756 798 2812 et
820 2756 856 2813 ut
878 2752 950 2812 lune
965 2753 1016 2812 lux
1032 2753 1127 2812 noctis

107 2845 161 2913 cst.
185 2844 229 2902 ite
251 2843 339 2902 etiam
363 2846 393 2900 et
415 2842 512 2900 anima
534 2842 586 2903 lux
610 2842 785 2902 dormientis
809 2843 941 2920 corporis
964 2843 1017 2905 est.
1052 2840 1126 2900 Cum

108 2933 188 2992 enim
211 2950 318 3008 corpus
341 2931 513 2992 dormientis
535 2930 664 2991 hominis
685 2932 718 2990 in
740 2933 821 2993 reeta
843 2931 985 3007 temperie
1008 2933 1060 3006 est,
1084 2931 1167 2990 itaao

107 3021 189 3098 quod
212 3021 343 3082 medulla
364 3021 426 3080 eius
448 3023 530 3080 reeta
552 3039 690 3082 mensura
713 3027 743 3080 et
761 3021 851 3080 modo
868 3021 967 3096 ipsum
984 3019 1125 3088 calefacit,

108 3113 137 3170 et
171 3110 252 3187 quod
283 3110 374 3170 etiam
407 3112 614 3185 tempestatem
647 3109 792 3170 vitiorum
825 3113 855 3169 et
886 3108 1128 3170 contrarietatem

107 3219 224 3260 morum
246 3200 277 3258 in
299 3218 329 3260 se
351 3218 411 3258 non
434 3198 530 3273 habet,
553 3203 626 3259 tunc
649 3199 817 3274 saepissime
840 3218 910 3260 vore
932 3198 1023 3271 videt,
1055 3199 1128 3274 quia

108 3289 230 3352 scientia
251 3288 365 3348 ammae
387 3288 451 3348 eius
475 3291 547 3348 tunc
568 3288 600 3346 in
624 3288 723 3364 quiete
748 3291 799 3364 est,
830 3289 914 3352 velut
936 3289 1009 3348 luna
1032 3288 1126 3363 splen·

108 3380 210 3440 dorem
232 3396 321 3438 suum
343 3377 420 3436 clare
443 3381 474 3436 et
493 3376 621 3452 pleniter
643 3376 768 3453 emittit,
799 3397 868 3439 cum
895 3377 927 3436 in
949 3380 1036 3437 nocte
1060 3377 1124 3436 abs·
1140 3387 1167 3433 35

110 3488 167 3546 que
190 3467 311 3528 turbine
334 3465 460 3526 nubium
483 3469 514 3526 et
536 3470 695 3525 ventorum
711 3468 762 3527 est.
798 3465 829 3525 Si
845 3470 946 3525 eutem
969 3469 1128 3542 tempestus

109 3558 260 3618 variarum
283 3561 314 3617 et
336 3555 552 3616 contrariarum
579 3555 794 3632 cogitationum
817 3558 945 3614 mentem
968 3558 999 3614 et
1020 3573 1128 3629 corpus

964 3655 1002 3710 6*
