2662 3932
222 163 284 223 108
606 154 852 210 HILDEGARDIS

220 340 360 418 purgatio
383 341 436 398 illa
457 338 569 414 finitur,
592 338 720 398 calvaria
742 337 929 397 concluditur
953 340 983 396 et
998 356 1087 398 venas
1103 337 1250 410 continet,

221 449 256 488 ne
280 429 407 505 amplius
430 427 603 506 sanguinem
630 426 765 503 educent,
795 427 880 486 velut
911 425 1059 503 quaedam
1091 427 1250 503 congeries

219 519 354 594 lapidum
389 520 419 576 et
447 517 598 594 lignorum
629 517 737 574 flumen
770 516 893 588 retinet,
923 533 960 574 ne
994 535 1085 591 supra
1117 515 1247 574 modum

221 607 332 668 effluat.
377 605 434 666 Sed
462 606 614 664 interdum
642 604 787 682 quaedam
814 604 955 664 mulieres
982 604 1116 664 dolorem
1143 604 1244 663 diver·

193 708 321 754 asarum
352 694 481 754 febrium
510 694 620 753 habent
647 697 677 753 et
704 692 835 752 dolorem
863 692 1007 754 stomachi
1029 696 1060 752 et
1083 694 1189 752 lateris
1213 711 1245 750 ac

169 843 173 852 ,
220 804 332 859 renum,
356 788 387 844 et
408 785 524 844 dolores
546 784 597 843 isti
620 783 764 842 calvariae
784 783 935 854 resistunt,
957 802 994 841 ne
1008 783 1089 842 iusto
1104 785 1242 857 tempore

220 893 274 933 suo
307 873 473 950 claudatur,
507 873 592 933 velut
626 871 771 949 quaedam
804 871 950 948 procellae
980 871 1153 931 inundando
1178 871 1243 930 loca

219 962 356 1023 obstrusa
378 965 539 1037 transeunt,
572 963 603 1020 et
624 961 668 1019 ite
689 961 781 1020 rivuli
805 960 955 1036 sanguinis
977 960 1009 1019 in
1031 961 1156 1019 muliere
1190 960 1241 1018 illa

219 1053 250 1110 in
281 1051 392 1111 iniusto
424 1054 557 1126 tempore
587 1049 754 1109 inordinate
784 1049 921 1112 effluunt.
966 1049 1006 1108 Et
1037 1051 1112 1109 tunc
1133 1049 1243 1106 mulier

179 1153 206 1196 10
219 1141 273 1200 illa
294 1141 326 1199 in
349 1140 452 1200 dolore
475 1142 521 1198 est
542 1139 627 1198 velut
653 1138 761 1214 aliquis
788 1139 843 1214 vir,
875 1138 929 1214 qui
958 1139 1037 1198 ferro
1067 1139 1241 1198 vulneratus

220 1232 272 1301 est,
295 1232 324 1288 et
346 1229 413 1288 ideo
437 1246 471 1287 eo
494 1231 627 1304 tempore
650 1246 718 1286 oum
740 1227 858 1287 cautela
887 1245 917 1285 sc
940 1227 1090 1303 observet,
1118 1247 1154 1286 ne
1174 1227 1240 1286 inde

219 1319 288 1395 plus
310 1318 460 1393 laedatur,
491 1317 562 1392 quia
585 1317 675 1376 etiam
696 1316 841 1376 medicina
868 1335 938 1374 cum
963 1317 1072 1375 timore
1101 1317 1128 1375 ei
1157 1315 1239 1374 adhi-

220 1407 316 1466 benda
343 1409 395 1467 est.

287 1496 332 1555 Dc
355 1498 494 1568 conceptu
517 1499 544 1554 et
561 1499 664 1568 partu.
708 1494 849 1553 Mulieres
873 1497 983 1570 autem,
1012 1513 1088 1569 quae
1111 1494 1238 1553 infirmos

179 1597 206 1640 15
220 1585 359 1643 humores
375 1603 443 1643 cum
459 1584 585 1661 sagittiS,
603 1583 684 1660 quod
699 1585 787 1660 gutte
805 1583 859 1655 <in
874 1583 915 1641 eis
931 1585 1012 1659 est),
1029 1583 1058 1640 in
1076 1601 1107 1642 se
1122 1582 1237 1652 habent,

222 1692 290 1732 cum
312 1673 426 1751 magnis
449 1673 601 1732 doloribus
624 1673 762 1750 gignunt,
786 1673 858 1748 quia
880 1690 948 1730 oum
970 1672 1101 1731 claustra
1119 1673 1237 1731 infantis

221 1764 399 1838 reserantur,
422 1762 562 1822 humores
584 1763 790 1837 tempestatem
813 1760 937 1836 faciunt,
964 1761 1008 1819 ita
1031 1761 1113 1837 quod
1136 1761 1236 1821 localia

220 1853 285 1911 loca
300 1852 396 1910 exitus
412 1852 476 1912 eius
493 1854 546 1909 aut
565 1850 785 1910 intumescendo
801 1853 855 1908 aut
865 1849 1025 1910 ulcerando
1037 1850 1234 1926 prohibentur,

222 1940 474 2018 quemadmodum
496 1939 672 1999 inundantes
695 1942 726 1997 et
747 1940 895 1998 irruentes
916 1939 1026 1998 fluctus
1045 1942 1162 1999 rectum
1182 1940 1234 1998 iter

180 2040 209 2085 20
222 2031 313 2091 rivuli
335 2033 456 2106 repente
484 2028 652 2106 probibent,
682 2029 726 2086 ita
756 2028 837 2104 quod
868 2028 985 2087 rivulus
1016 2027 1067 2086 ille
1099 2033 1130 2085 in
1159 2032 1233 2088 recte

222 2120 327 2178 itinere
350 2137 404 2178 suo
427 2119 519 2177 fluere
541 2137 600 2177 non
622 2119 730 2193 potest,
765 2120 796 2175 et
827 2117 908 2192 quod
940 2117 1030 2175 etiam
1060 2118 1159 2176 notari
1179 2135 1231 2177 non

223 2211 330 2284 potest,
353 2206 406 2265 ubi
428 2207 485 2266 iter
512 2206 595 2265 illius
623 2208 670 2267 sit.
716 2206 755 2265 Et
786 2205 841 2264 bac
874 2206 1063 2282 oppressione
1094 2209 1157 2264 tam
1186 2207 1232 2266 diu

223 2297 280 2356 iter
300 2296 423 2356 infantis
445 2295 629 2372 prohibetur,
652 2313 748 2371 usque
763 2294 835 2352 dum
850 2315 903 2371 per
926 2295 1056 2372 gretiam
1078 2296 1127 2354 dei
1149 2297 1231 2372 spira·

224 2386 326 2444 culum
348 2386 435 2460 vitae,
460 2383 541 2461 quod
564 2383 661 2442 anima
684 2386 737 2454 est,
761 2403 791 2442 se
811 2384 926 2442 excutit
940 2403 1009 2444 cum
1025 2402 1156 2460 corpore,
1178 2386 1231 2444 sive

183 2485 211 2530 25
223 2475 321 2534 infans
344 2475 428 2534 vivat
450 2475 511 2533 sive
534 2477 672 2532 mortuus
695 2472 743 2532 sit.
790 2471 876 2542 Quod
904 2474 929 2531 si
956 2473 1065 2532 mulier
1093 2475 1231 2551 magnit·

222 2564 321 2624 dinem
342 2562 533 2640 pinguedinis
560 2562 655 2622 camis
690 2562 787 2633 habet,
822 2564 894 2621 tunc
927 2563 985 2621 iter
1017 2562 1139 2622 infantis
1169 2582 1231 2640 pras

220 2653 401 2732 pinguedine
423 2655 573 2712 maternas
596 2651 691 2711 carnis
718 2651 890 2710 intumescit
921 2654 952 2710 et
983 2652 1164 2724 obstruitur,
1191 2653 1229 2711 ita

223 2743 303 2818 quod
325 2759 491 2818 praegnans
515 2741 648 2799 multum
670 2741 794 2816 laborat,
818 2740 1009 2815 usquedum
1033 2759 1086 2816 per
1112 2743 1230 2818 gratiam

222 2831 269 2890 dei
291 2831 474 2906 spiraculum
496 2830 583 2905 vitae,
606 2830 688 2906 quod
710 2830 742 2888 in
764 2829 877 2887 infante
900 2832 952 2901 est,
977 2848 1007 2888 se
1030 2847 1099 2888 cum
1119 2849 1230 2908 corpore

180 2931 208 2975 so
221 2938 275 2978 suo
303 2919 424 2978 excutit.
469 2918 502 2977 Si
530 2921 631 2977 autem
662 2918 772 2978 femina
804 2921 882 2976 recte
913 2921 1078 2994 temperata
1109 2924 1163 2994 est,
1191 2921 1230 2978 ita

222 3007 302 3084 quod
324 3027 378 3066 nec
399 3007 487 3066 nimis
510 3007 631 3084 pinguis
654 3025 708 3066 neo
730 3007 818 3066 nimis
840 3025 939 3066 macra
967 3026 1020 3067 nec
1046 3007 1162 3068 infirma
1187 3029 1226 3068 ex·

221 3097 308 3169 sistit,
331 3099 404 3155 tuno
425 3097 484 3156 iter
505 3095 628 3155 infantis
651 3115 719 3154 cum
741 3095 852 3155 iniusto
884 3097 1023 3155 tumultu
1053 3097 1085 3155 in
1116 3117 1148 3156 ee
1175 3117 1226 3158 non

220 3186 405 3262 prohibetur.
451 3185 509 3245 Sed
530 3188 630 3244 tamen
653 3186 690 3244 ab
718 3184 804 3244 initio
828 3187 1025 3246 constitutum
1051 3185 1178 3246 laborem
1202 3191 1227 3246 at

220 3279 315 3335 mater
338 3278 369 3334 et
390 3275 486 3334 infans
509 3275 671 3352 patientur,
694 3277 725 3333 et
746 3272 862 3333 labores
883 3275 930 3333 illi
944 3278 1025 3334 recto
1041 3275 1225 3334 moderamine

181 3376 208 3421 35
222 3365 371 3427 eveniunt.
415 3364 455 3424 Et
477 3365 612 3439 feminae,
637 3383 713 3441 quae
728 3363 854 3441 pingues
869 3383 928 3423 non
944 3367 1015 3423 sunt
1029 3382 1082 3424 nec
1097 3365 1224 3437 infirmae,

221 3454 311 3513 ctiam
333 3454 358 3512 si
380 3454 512 3512 multum
534 3471 649 3513 macrae
682 3455 761 3528 sunt,
794 3452 851 3511 iter
884 3453 1008 3511 infantis
1040 3453 1071 3511 in
1105 3453 1146 3512 eis
1174 3473 1224 3512 non

219 3542 402 3618 prohibetur.
458 3542 516 3602 Sed
549 3547 649 3602 temen
682 3541 879 3601 constitutum
913 3542 949 3600 ab
983 3541 1070 3602 initio
1106 3542 1223 3602 laborem
