2668 3924
202 187 264 245 208
588 179 834 235 HILDEGARDIS

199 367 307 424 natura
329 383 383 423 sua
406 363 592 440 aliquantum
615 363 719 422 livoris
741 366 843 422 tenent
864 364 1011 438 venenosi,
1028 363 1107 422 unde
1129 365 1223 423 etiarn

200 454 332 530 squamis
360 456 467 514 carent.
513 451 616 512 Oaseos
645 471 764 529 quoque
787 457 818 512 et
840 471 895 512 ova
917 455 948 511 et
970 451 1063 511 cruda
1086 453 1171 512 olera
1191 458 1223 514 et

200 544 289 602 cruda
311 561 400 619 poma
422 544 453 601 et
476 542 624 618 quidquid
647 559 746 601 assum
769 544 826 612 est,
849 543 970 600 interim
993 540 1118 617 devitet,
1144 562 1220 618 quo·

198 632 278 690 niam
309 650 409 691 caseus
431 631 501 690 huie
523 631 626 690 morbo
650 650 703 706 pro
727 649 836 690 veneno
861 633 906 689 est
934 634 964 689 ct
991 649 1047 690 ova
1072 638 1103 691 et
1127 632 1223 690 cruda

172 722 279 780 tolera
301 724 331 780 et
353 721 444 780 cruda
470 740 558 796 poma
589 721 692 779 noxios
723 719 863 778 humores
892 719 923 777 in
955 738 989 778 eo
1022 721 1159 792 excitant,
1191 726 1223 780 et

198 828 273 885 quae
290 829 354 877 assa
369 814 447 884 sunt,
463 810 560 869 eidem
574 810 681 868 morbo
697 811 814 885 guttam
831 807 1066 868 subministrant.
1107 809 1222 868 Vinum

198 904 298 959 autem
320 919 377 959 non
401 900 480 959 forte
503 899 554 958 sed
577 917 667 958 suave
690 900 721 956 et
743 917 822 974 aqua
836 898 1018 974 permixtum
1034 901 1123 974 atque
1139 918 1219 958 cere·

196 989 301 1047 visiam
322 988 416 1051 bibat.

263 1079 309 1137 De
324 1078 487 1152 hydropisi.
523 1070 547 1155 1)
557 1075 615 1146 Qui
634 1075 784 1152 ydrcpum
805 1076 944 1134 morbum
958 1075 1056 1150 habet,
1073 1094 1222 1151 pavonem

158 1175 186 1220 10
200 1167 311 1226 scilicet
333 1167 499 1226 masculum
521 1165 647 1241 accipiat
679 1169 709 1223 ct
741 1183 809 1224 cum
839 1183 931 1241 ysopo
963 1165 995 1223 in
1025 1183 1103 1240 aqua
1134 1166 1223 1240 putei

198 1259 315 1331 coquat,
346 1275 406 1314 non
430 1258 530 1314 autem
551 1255 583 1313 in
606 1273 683 1329 aqua
704 1254 836 1312 salientis
860 1244 964 1328 fontis,
997 1254 1092 1312 etsie
1116 1272 1221 1314 carnes

195 1345 262 1404 illas
285 1344 427 1404 comedat.
466 1343 572 1403 Postea
595 1362 646 1402 cor
669 1346 762 1418 etos,
787 1344 869 1420 quod
891 1344 923 1401 in
947 1361 1026 1419 genu
1048 1343 1132 1402 illius
1156 1346 1221 1403 voi·

195 1433 285 1508 vitur‚
319 1437 350 1493 et
371 1451 487 1510 ungues
509 1433 603 1508 ipsius
626 1433 713 1492 tollat
745 1435 775 1491 et
807 1451 841 1490 ex
873 1430 919 1490 his
942 1433 1098 1506 pulverem
1121 1433 1221 1505 faciat,

194 1523 237 1579 ita
260 1523 341 1597 quod
363 1523 464 1598 pulvis
487 1523 646 1581 eorundem
668 1521 817 1597 unguium
841 1524 871 1579 et
894 1521 975 1597 quod
997 1521 1097 1596 pulvis
1122 1523 1221 1581 cordis

156 1619 182 1664 15
196 1611 258 1669 eius
274 1611 372 1671 tribus
387 1612 524 1688 partibus
538 1612 694 1687 pulverem
709 1610 819 1669 ossium
835 1629 967 1686 genuum
982 1610 1065 1669 illius
1087 1611 1220 1672 excedat.

194 1699 309 1759 Deinde
332 1700 500 1760 batheniam
525 1704 556 1759 et
578 1703 625 1759 ter
647 1704 766 1760 tantum
790 1700 825 1758 de
849 1700 984 1759 levistico
1008 1702 1100 1775 atque
1123 1700 1221 1759 modi·

195 1807 263 1848 cum
286 1789 322 1850 de
344 1790 488 1868 sagimine
511 1790 661 1866 anguillae
684 1789 811 1864 accipiat
833 1788 954 1848 ethaeo
975 1789 1006 1846 in
1021 1789 1090 1848 vino
1107 1793 1220 1865 coquat

195 1882 284 1954 atque
307 1898 362 1956 per
383 1899 516 1955 pannum
538 1878 618 1938 colat
640 1880 670 1937 et
684 1879 755 1937 huic
770 1878 839 1938 vino
855 1878 1043 1953 praedictum
1058 1879 1219 1952 pulverem

194 1969 338 2028 immittat
360 1972 390 2028 et
418 1972 462 2028 ita
490 1968 583 2043 bibat,
605 1968 662 2027 hoc
685 1971 785 2027 autem
806 1986 860 2043 per
883 1967 984 2026 decem
1007 1969 1036 2026 et
1059 1970 1127 2027 octo
1156 1969 1220 2028 dies

155 2056 294 2119 retaciat.
339 2055 445 2117 Carnes
469 2058 547 2116 enim
569 2057 693 2133 pavonis
715 2056 807 2116 siccae
834 2059 906 2115 sunt
937 2060 968 2114 et
990 2057 1082 2115 fortes
1115 2062 1220 2117 contra

194 2145 344 2222 ydropum
365 2147 511 2222 morbum,
535 2149 565 2205 et
588 2146 654 2204 ideo
671 2146 707 2204 de
722 2145 854 2204 masculo
870 2148 994 2221 propter
1009 2145 1220 2205 fortitudinem
1323 2137 1324 2212 i

193 2252 279 2292 suam
301 2253 363 2295 esse
385 2236 503 2296 debent.
549 2234 607 2294 Sed
629 2253 698 2294 cum
720 2253 812 2311 ysopo
845 2238 1020 2311 coquantur,
1053 2235 1134 2311 quod
1169 2236 1219 2294 ille

194 2323 224 2380 in
247 2324 381 2383 siccitate
404 2329 434 2384 et
456 2325 541 2384 suavi
565 2325 676 2400 frigore
707 2341 762 2382 suo
794 2324 977 2398 superfluam
1006 2322 1219 2384 humiditatem
1322 2383 1323 2388 ,

118 2481 119 2486 ¹
194 2412 325 2474 eiusdem
348 2415 445 2473 morbi
468 2415 602 2488 exsiccat,
627 2415 657 2472 et
679 2413 710 2471 in
732 2431 811 2489 aqua
832 2413 917 2489 putei
940 2417 1116 2489 coquantur,
1142 2432 1216 2490 qno·
1322 2435 1323 2466 t

153 2510 180 2555 25
193 2503 273 2560 niam
305 2502 353 2562 hic
385 2521 504 2579 quoque
535 2502 625 2562 siccas
654 2520 743 2561 venas
776 2521 922 2578 aquarum
954 2502 1045 2562 habet
1067 2505 1099 2561 et
1121 2504 1219 2580 magis

190 2591 341 2668 ydropum
371 2594 508 2653 morbum
540 2592 690 2652 consumit
724 2609 815 2667 quam
846 2611 924 2666 aqua
956 2592 1088 2650 salientis
1115 2593 1218 2663 fontis,

192 2699 267 2756 quae
291 2681 479 2758 aliquantum
501 2683 597 2758 magis
620 2699 730 2757 aquosa
752 2685 797 2739 est
824 2699 914 2755 quam
942 2700 1022 2757 aqua
1050 2681 1153 2756 putei3
1188 2687 1219 2742 et

190 2768 257 2828 ideo
280 2769 350 2829 hacc
373 2772 499 2831 eundem
523 2772 663 2830 morbum
687 2770 866 2828 humiditate
887 2787 942 2828 sua
967 2773 1121 2846 augerent.
1160 2769 1217 2830 Oor

192 2861 293 2917 autem
322 2861 445 2936 pavonis
471 2860 692 2936 pulverizatum
715 2858 840 2918 suffocat
867 2859 1005 2918 morbum
1028 2860 1139 2931 istum3
1164 2861 1215 2919 sed

150 2954 178 2998 30
191 2965 231 3021 cs,
255 2949 336 3023 quod
359 2949 391 3008 in
413 2950 537 3027 genibus
559 2949 701 3023 volvitur,
730 2948 870 3023 quoniam
894 2967 983 3008 venas
1007 2949 1104 3007 cruris
1130 2949 1215 3027 ligat,
1320 3010 1321 3029 χ

190 3037 278 3095 etiam
300 3038 423 3097 eundem
450 3039 587 3098 morbum
610 3039 694 3114 ligat,
718 3037 859 3096 neultra
887 3036 1040 3112 procedat.
1090 3036 1214 3115 Ungues

152 3203 154 3208 Ι
189 3145 260 3184 vero
283 3126 408 3186 fixuram
431 3127 564 3187 eiusdem
586 3127 692 3197 morbi,
725 3145 762 3184 ne
794 3126 880 3218 quasi
914 3127 943 3184 in
979 3127 1103 3185 saliente
1138 3146 1216 3204 aqna

191 3222 346 3293 exsurgat,
380 3217 536 3294 deprimit,
573 3235 650 3292 aqna
679 3232 751 3274 vero
786 3215 919 3274 eiusdem
951 3216 1047 3274 morbi
1081 3217 1214 3276 calorem

190 3304 345 3364 bathoniae
369 3307 458 3384 fugit,
481 3306 631 3382 frigiditas
656 3306 754 3363 autem
778 3303 906 3364 levistici
929 3307 1058 3363 mentem
1082 3304 1213 3364 hominis

149 3400 176 3444 35
189 3394 270 3452 illius
285 3395 433 3472 laetificat,
458 3396 539 3472 quod
561 3395 656 3454 tristis
679 3396 731 3468 est,
755 3396 785 3451 et
807 3393 940 3470 sagimen
964 3393 1115 3470 anguillae
1139 3395 1213 3452 fixu-

263 3585 286 3657 1)
306 3605 331 3641 v.
352 3586 439 3642 a-aa
462 3611 494 3631 =
513 3585 611 3657 mgna
631 3584 700 3639 rasa
718 3583 752 3638 u.
