2662 3932
229 180 291 240 116
614 167 860 228 flluuudnltols

226 359 360 434 pomaria
382 361 413 418 et
435 377 480 429 eu,
509 375 585 434 quae
611 373 713 416 suecos
739 356 850 416 habent
871 360 902 416 et
923 356 1131 418 humiditatem
1160 359 1252 418 velut

209 441 374 523 herbulae,
406 447 438 505 in
467 448 564 523 prima
595 446 773 506 comestione
795 465 849 505 sua
881 446 1000 521 devitet,
1033 445 1115 523 quod
1143 447 1253 506 tabem

224 540 255 596 et
277 536 402 596 livorem
434 555 467 598 eo
498 535 735 612 inquietudinem
763 535 796 594 in
825 534 1000 595 humoribus
1032 536 1060 594 ei
1090 536 1251 612 inferrent,

225 643 302 702 quae
324 629 441 702 postea,
469 625 541 684 dum
564 625 625 684 iam
647 623 833 701 aliquantum
856 623 914 684 eibi
930 624 1067 700 sumpsit,
1090 626 1251 685 comedere

197 717 334 791 epotest,
357 717 388 774 et
409 717 482 774 tune
505 714 532 774 ei
555 714 651 792 magis
674 714 830 773 sanitatem
853 731 944 790 quam
967 711 1149 773 debilitatem
1177 733 1249 773 oon·

225 803 337 866 ferunt.

290 895 336 954 De
353 893 498 966 protectio.
544 891 666 951 Homini
697 894 797 950 autem
831 909 901 952 sano
931 893 963 950 in
985 908 1109 968 corpore
1131 892 1250 952 bonum

224 987 255 1042 et
276 983 395 1042 salubre
410 984 455 1042 est
468 985 592 1057 propter
608 981 714 1040 bonam
728 979 935 1058 digestionem,
957 982 994 1040 ut
1009 1000 1026 1039 a
1042 980 1108 1040 oibo
1123 981 1247 1057 prandii

223 1091 255 1132 se
282 1072 432 1131 eontineat
458 1089 553 1147 usque
581 1070 642 1129 fere
670 1073 737 1128 ante
764 1069 894 1128 mediam
922 1069 1000 1129 diem
1028 1073 1059 1129 et
1081 1070 1159 1130 enea
1183 1091 1246 1129 me·

188 1168 215 1213 10
229 1161 310 1220 dium
332 1161 419 1220 diem.
464 1159 585 1218 Infirmo
607 1176 678 1218 vero
700 1160 731 1217 et
753 1157 844 1218 debili
865 1177 899 1218 ao
912 1159 945 1217 in
959 1177 1082 1234 eorpore
1097 1158 1247 1220 deficienti

125 1247 128 1256 ’
227 1250 339 1309 bonum
362 1252 392 1309 et
413 1248 531 1308 salubre
553 1250 606 1323 est,
635 1250 671 1306 ut
693 1265 778 1307 mane
801 1248 951 1324 prandeat,
982 1247 1126 1324 quatinus
1156 1249 1247 1318 vires,

226 1357 299 1414 quas
321 1357 375 1415 per
397 1355 427 1398 ee
449 1355 508 1396 non
530 1336 627 1412 hebet,
650 1337 687 1396 de
710 1337 783 1396 oibie
805 1337 910 1396 saltem
926 1337 1032 1413 cupiat.
1061 1336 1111 1396 Ad
1126 1342 1245 1397 nontam

226 1443 346 1503 quoque
377 1425 493 1486 eosdem
523 1426 605 1486 eibos
636 1425 725 1486 bomo
755 1425 906 1485 comedere
936 1429 1036 1502 potest
1062 1428 1094 1485 et
1126 1427 1245 1486 eosdem

224 1519 316 1592 potus
331 1533 455 1590 sumere,
471 1533 546 1591 quos
562 1515 593 1573 in
609 1515 657 1574 die
672 1515 807 1591 sumpsit,
822 1515 849 1574 ei
865 1516 1007 1590 voluerit,
1020 1517 1051 1573 et
1065 1517 1139 1575 tuno
1153 1517 1245 1574 etiam

186 1614 213 1659 15
228 1608 291 1662 tam
313 1605 488 1680 tempestive
517 1607 584 1664 ante
616 1607 732 1664 nootem
763 1604 906 1676 comedat,
938 1606 981 1674 ut,
1014 1607 1174 1680 antequam
1209 1603 1245 1662 ad

223 1693 434 1754 dormiendum
445 1711 476 1755 se
486 1693 620 1768 oollooet,
636 1692 904 1761 deambulationem
919 1711 1003 1752 suam
1017 1691 1126 1752 habere
1140 1694 1244 1770 possit.

294 1783 339 1842 De
356 1788 447 1857 potue
469 1784 648 1845 diversitate.
684 1783 855 1842 Pretiosum
877 1785 977 1841 autem
1000 1785 1030 1842 et
1045 1783 1124 1842 torte
1139 1783 1244 1842 vinum

222 1871 355 1932 bibitum
377 1891 465 1932 venas
488 1877 518 1932 et
540 1871 714 1949 sanguinem
737 1871 865 1930 hominis
879 1871 992 1932 iniusto
1008 1872 1098 1930 modo
1114 1889 1242 1931 eommo-

224 1965 275 2020 vet
297 1963 328 2021 et
350 1961 489 2048 humores
521 1980 555 2020 ao
584 1978 700 2021 omnem
731 1951 949 2036 humiditatem,
978 1961 1031 2037 qui
1060 1961 1092 2019 in
1123 1960 1242 2021 homine

179 2058 211 2106 *lo
224 2054 304 2122 sunt,
327 2051 365 2110 ad
379 2049 526 2124 satiabit,
550 2051 634 2110 velut
647 2050 841 2126 purgatoriae
857 2068 896 2126 po
898 2050 993 2109 tiones
1007 2049 1131 2125 faciunt,
1155 2054 1188 2109 et
1202 2051 1244 2109 ita

224 2158 294 2198 oum
311 2139 444 2214 perieulo
458 2142 527 2198 ante
540 2142 694 2198 maturum
706 2141 826 2215 tempus
840 2139 958 2197 urinam
973 2138 1124 2197 interdum
1133 2139 1242 2199 educit.

156 2291 160 2298 ,
225 2222 314 2298 Quod
336 2227 529 2286 Hunonioum
551 2227 655 2288 vinrun
678 2247 736 2287 non
760 2227 841 2298 fauit,
875 2228 946 2304 quia
967 2231 1028 2286 tam
1051 2227 1144 2287 fortes
1167 2229 1243 2287 vires

140 2347 143 2356 ·
226 2317 257 2374 in
281 2335 311 2375 se
333 2335 391 2376 uon
418 2316 516 2391 babet,
553 2317 633 2392 quod
666 2315 805 2376 humores
836 2316 965 2375 hominis
999 2335 1090 2392 supra
1121 2316 1242 2376 modum

226 2424 411 2466 commovere
434 2406 538 2483 possit.
582 2405 622 2464 Et
654 2405 720 2464 ideo
753 2405 832 2465 vires
863 2406 988 2482 pretiosi
1009 2405 1073 2466 vini
1094 2409 1149 2464 aut
1170 2425 1243 2482 pane

182 2505 212 2550 25
224 2495 366 2572 imposito
390 2498 444 2554 ent
468 2515 546 2571 aqua
568 2495 668 2554 infusa
690 2495 872 2566 minuentur,
904 2495 975 2570 quia
1006 2512 1059 2553 nee
1089 2512 1160 2554 sano
1193 2513 1242 2554 neo

226 2585 350 2644 infirmo
371 2584 486 2643 homini
515 2584 596 2643 valet
625 2584 661 2643 ad
688 2583 850 2643 bibendum
878 2584 923 2642 sio
953 2601 1011 2642 non
1037 2586 1242 2659 temperatum.

224 2673 282 2732 Sed
303 2691 418 2734 neeesse
440 2693 497 2733 non
521 2676 575 2747 est,
599 2676 636 2732 ut
650 2672 841 2732 Hunonioum
861 2673 965 2732 vinum
987 2673 1030 2732 sio
1051 2675 1242 2750 temperetur,

225 2763 367 2838 quoniam
388 2763 481 2822 fortes
504 2762 582 2822 vires
605 2762 637 2820 in
659 2781 690 2822 se
712 2781 772 2822 non
798 2760 896 2823 babet.
942 2761 999 2821 Sed
1021 2763 1121 2821 tumen
1143 2762 1169 2821 si
1192 2763 1241 2821 ali·

225 2851 293 2928 quis
315 2851 403 2910 homo
427 2851 454 2910 ei
477 2869 586 2926 aquam
608 2850 765 2911 infundere
789 2850 918 2910 voluerit
941 2853 994 2910 aut
1015 2867 1123 2926 panem
1144 2851 1240 2927 impo·
1310 2855 1311 2862 ’

184 2948 212 2994 eo
225 2959 296 2999 nere
318 2943 348 2998 et
371 2939 413 2998 sio
434 2939 545 3013 bibere,
567 2943 651 2999 tanto
666 2941 786 3000 suavior
801 2939 922 3016 quidem
945 2940 982 2998 ad
1004 2938 1167 2999 bibendum
1191 2943 1242 3014 est,

226 3029 277 3088 sed
299 3047 359 3088 non
381 3030 465 3090 tento
493 3028 603 3094 sanior.
649 3028 759 3088 Vinum
790 3033 891 3088 autem
921 3028 1099 3089 naturaliter
1127 3028 1241 3105 aliquid

226 3118 357 3194 aquatile
380 3117 411 3176 in
433 3137 464 3177 se
486 3116 583 3192 habet,
606 3118 679 3194 quia
701 3121 732 3179 et
747 3119 784 3178 de
800 3137 868 3178 rore
884 3121 915 3177 et
930 3117 966 3177 de
980 3118 1085 3194 pluvia
1099 3118 1240 3179 nutritur.

225 3207 265 3266 Et
286 3207 354 3266 inde
377 3207 466 3266 etiam
488 3210 541 3278 est,
566 3208 647 3284 quod
669 3207 766 3284 homo,
789 3207 843 3283 qui
866 3207 971 3267 vinum
994 3205 1083 3282 bibit,
1107 3207 1242 3283 quamvis

225 3297 302 3356 illud
323 3296 437 3356 assidue
460 3295 551 3372 bibat,
574 3299 605 3356 et
627 3316 686 3357 non
710 3315 827 3374 aquam,
851 3296 882 3355 in
904 3296 1049 3373 sanguine
1069 3313 1124 3356 suo
1144 3299 1241 3356 tamen

182 3394 212 3440 ³5
227 3386 373 3464 aquatiles
395 3384 535 3447 humores
559 3385 658 3448 babet.

294 3477 370 3537 Item
385 3475 421 3536 de
435 3477 595 3552 sanquine.
633 3473 708 3536 Nam
729 3475 850 3553 sanguis
873 3475 975 3534 aridus
997 3478 1029 3534 et
1050 3474 1147 3535 deone
1169 3479 1240 3536 esset
1310 3537 1311 3544 ,

226 3571 258 3626 et
281 3586 339 3627 non
361 3566 475 3642 flueret,
506 3566 586 3627 siout
615 3585 668 3626 neo
689 3565 821 3626 medulla
842 3565 920 3638 fluit,
952 3565 977 3624 si
998 3564 1124 3625 livorem
1151 3583 1240 3642 aquae
1310 3559 1311 3618 l
