2680 3938
200 145 239 204 58
585 134 831 190 HILDEGARDIS

198 342 328 401 quorum
350 321 473 399 quidam
495 320 614 380 maioris
637 320 833 391 fortitudinis,
857 319 979 396 quidam
994 317 1116 378 minoris
1134 320 1215 379 sunt.

197 412 255 472 Sed
278 411 400 488 quidam
423 411 514 470 etiam
536 414 621 486 sunt,
646 410 699 487 qui
722 427 791 468 cum
812 407 982 467 hominibus
1004 407 1121 483 saepius
1144 425 1215 467 con-

197 504 355 562 versantur
387 503 417 560 at
448 518 529 560 sacra
561 501 625 559 loca
653 499 752 558 minus
779 498 903 575 fugiunt
930 500 960 556 et
982 497 1073 556 etiam
1096 515 1218 558 crucem

198 589 311 649 domini
334 592 364 648 et
387 590 488 650 divina
514 589 612 649 officia
640 589 739 647 minus
767 586 936 648 abhorrent.
980 586 1020 645 Et
1051 585 1083 644 hi
1114 605 1218 645 omnes

170 687 267 739 5cum
288 679 342 739 illo
364 679 395 738 in
417 677 564 738 mundum
585 677 800 740 machinantur.
838 675 895 736 sec
918 676 956 734 ad
978 675 1219 752 magnitudinem

197 768 280 828 illius
308 768 442 829 diabolus
470 771 515 828 est
537 767 599 827 fare
621 769 720 826 tantae
743 765 931 826 fortitudinis
954 766 984 823 et
1005 765 1163 840 potestatis
1187 768 1220 824 et

197 858 341 934 malitiae,
363 858 442 918 sicut
465 861 496 917 et
517 858 568 916 ille
591 859 636 914 est
659 855 745 932 quasi
767 855 892 915 ariditas
915 856 945 913 et
968 855 1052 914 velut
1073 853 1219 914 voluntas

197 947 299 1022 ipsius.
345 947 385 1006 nt
407 948 478 1024 quia
500 946 552 1005 ille
574 945 687 1005 moveri
710 963 769 1004 non
791 943 991 1020 permittitur,
1014 943 1046 1001 in
1067 942 1220 1001 mundum

198 1036 285 1113 quasi
312 1035 431 1112 Python
458 1035 634 1095 daemonum
664 1034 805 1095 mittitur.
859 1031 934 1090 Nam
964 1032 1109 1092 virtutem
1140 1031 1219 1092 deci-

1322 870 1327 1007 l

159 1132 186 1177 1⁰
199 1125 301 1202 piendi
331 1145 385 1201 per
416 1124 635 1184 simulationem
662 1122 752 1182 habet
780 1125 810 1182 et
836 1122 932 1180 multa
964 1121 1022 1179 alia
1052 1120 1140 1197 vitia,
1173 1122 1220 1180 ita
1326 1200 1327 1207 ἵ

200 1214 281 1291 quod
307 1213 406 1272 Adam
431 1214 463 1272 in
489 1213 625 1288 paradiso
653 1210 770 1272 seduxit
797 1214 827 1270 et
850 1210 1002 1271 dominum
1024 1213 1122 1269 terrae
1146 1230 1219 1269 eum

198 1303 390 1379 nuncupavit,
420 1305 450 1361 et
471 1302 576 1360 flatum
599 1300 729 1360 Luciferi
751 1302 782 1359 in
806 1298 1026 1358 Antichristum
1052 1319 1107 1375 per
1129 1299 1218 1358 forti-
1326 1368 1327 1381 ,

198 1391 334 1450 tudinem
355 1391 437 1450 illius
460 1392 537 1450 feret
559 1391 596 1449 ad
619 1390 844 1467 concipiendum
859 1408 940 1461 enm3
964 1387 1049 1449 cuius
1064 1389 1218 1449 fortitudo

199 1479 238 1538 sd
275 1480 375 1539 locum
412 1481 500 1540 illum
538 1480 686 1556 ascendet,
730 1499 747 1538 a
791 1498 851 1556 quo
890 1477 1025 1538 diabolus
1063 1479 1218 1553 proiectus
1325 1536 1327 1561 ,

158 1580 187 1625 15
201 1568 328 1642 corruit3
360 1568 413 1628 ubi
441 1569 520 1629 zelus
548 1570 662 1629 domini
688 1568 767 1646 ignis
793 1569 890 1628 factus
918 1568 950 1626 in
976 1567 1063 1644 nigra
1090 1567 1218 1626 materia

197 1658 396 1734 procellarum
420 1661 519 1718 tantae
542 1658 729 1718 fortitudinis
752 1661 783 1716 et
805 1656 1010 1716 amaritudinis
1038 1659 1096 1731 cst,
1129 1656 1215 1732 quod
1246 1670 1250 1681 ¹

198 1765 283 1824 saepe
314 1748 345 1806 in
373 1749 525 1808 elementis
552 1748 649 1808 exurit
676 1749 705 1806 et
728 1747 838 1830 scindit
860 1749 890 1804 et
912 1763 982 1806 voce
1006 1763 1060 1826 sua
1082 1747 1214 1805 terrores
1326 1782 1327 1785 =

199 1836 310 1896 amittit
353 1838 397 1898 ita
428 1838 509 1915 quod
540 1837 676 1896 diabolus
703 1855 774 1912 prae
797 1840 910 1894 terrore
932 1835 1020 1894 istius
1042 1834 1120 1894 vires
1143 1853 1214 1895 suas
1325 1863 1326 1867 ,

199 1929 300 2002 aperte
323 1946 455 1986 exercere
477 1945 535 1986 non
560 1928 661 1998 audet,
692 1925 750 1984 nisi
772 1928 809 1984 ut
830 1925 893 1997 fur3
925 1923 1004 1984 unde
1035 1919 1215 1983 etmenden
1326 1952 1327 1967 i

158 2025 187 2072 20
200 2019 252 2078 est.
298 2015 356 2076 Ista
389 2017 466 2076 zelus
499 2016 589 2074 etiam
620 2016 651 2074 in
679 2014 838 2074 novissimo
867 2013 914 2072 die
942 2013 1086 2073 elementa
1109 2016 1214 2073 exuret

199 2107 229 2163 et
251 2104 372 2180 scindet,
397 2106 450 2182 qui
473 2108 517 2164 est
540 2105 588 2164 dei
610 2104 751 2165 vindicta.
797 2103 837 2162 Et
865 2103 944 2180 quod
972 2103 1058 2161 beato
1086 2102 1214 2162 Iohanni
1325 2114 1327 2141 l

199 2195 396 2271 evangelistae
418 2193 587 2270 prohibuit,
616 2191 815 2252 rescriberet
841 2210 941 2262 voces,
976 2210 1052 2268 quae
1078 2192 1214 2251 tonitrua
1326 2252 1327 2275 ,

198 2283 299 2342 locuta
321 2277 434 2359 suntl),
464 2282 521 2343 hoc
543 2282 611 2342 ideo
634 2283 747 2342 factum
770 2285 826 2354 ast,
858 2282 929 2358 quia
958 2298 1057 2340 omnes
1084 2283 1214 2340 terrores
1325 2284 1327 2313 l

200 2374 230 2430 et
264 2373 413 2449 angustias
447 2376 519 2432 tunc
553 2370 759 2446 ostendebant,
799 2390 874 2448 quae
907 2369 1041 2429 homines
1076 2372 1144 2429 ante
1184 2373 1213 2429 at

158 2471 185 2517 25
198 2464 301 2536 postea
323 2462 404 2537 passi
426 2464 495 2521 sunt
518 2464 549 2520 et
570 2461 737 2537 patientur;
767 2459 920 2536 quoniam,
949 2459 974 2518 si
998 2478 1031 2518 ea
1053 2460 1214 2535 praesciret

198 2550 297 2626 homo,
319 2551 372 2609 illa
393 2570 464 2627 prae
487 2550 658 2609 infirmitate
681 2548 777 2608 carnis
794 2552 824 2608 et
838 2567 909 2625 prae
924 2548 1023 2607 nimiis
1041 2547 1213 2608 horroribus

198 2640 276 2698 ferre
299 2659 358 2698 non
384 2643 496 2716 posset;
524 2639 665 2716 quoniam
692 2638 781 2697 homo
804 2657 838 2697 ea
860 2638 978 2697 facilius
1000 2638 1116 2714 tolerat,
1142 2637 1214 2697 dum
1326 2641 1327 2657 ¹

199 2747 252 2803 per
274 2730 410 2804 tempora
433 2732 464 2788 et
484 2748 539 2805 per
553 2727 711 2788 intervalla
725 2730 896 2804 temporum
912 2727 1098 2804 contingunt,
1124 2746 1213 2803 quam

199 2816 224 2875 si
246 2815 336 2875 homo
365 2836 399 2876 ea
424 2837 484 2876 una
510 2817 583 2876 hora
609 2816 778 2893 praesciret.
832 2815 877 2876 Ac
909 2815 975 2875 ideo
1013 2816 1128 2875 facturn
1160 2821 1213 2888 est,

159 2915 187 2962 30
201 2905 272 2982 quia
304 2906 475 2965 tonitruum
504 2909 566 2964 tam
599 2906 732 2964 terribile
765 2908 810 2964 est
840 2908 871 2963 et
900 2908 1000 2964 tantae
1030 2904 1214 2965 fortitudinis

200 3012 234 3053 ao
266 2995 410 3070 horroris,
444 2995 515 3072 quia
542 2995 567 3054 si
594 2995 682 3054 homo
711 2995 811 3071 sciret,
843 2995 916 3070 quid
939 2994 1107 3054 tonitruum
1130 2997 1214 3067 esset,
1326 3033 1327 3051 1

199 3082 275 3142 illud
297 3083 424 3161 timeret,
447 3087 484 3144 ut
505 3103 610 3143 verum
632 3083 721 3143 deum
743 3103 813 3160 prae
828 3086 943 3143 terrore
958 3083 1050 3158 illius,
1075 3084 1214 3160 quoniam

199 3190 301 3232 vocem
327 3191 411 3231 suam
438 3173 530 3249 audit,
552 3176 752 3250 postponeret.
799 3171 900 3252 [Venti
921 3176 991 3232 sunt
1013 3191 1101 3248 snper
1123 3173 1214 3232 solem

200 3264 231 3320 et
262 3262 369 3321 subtus
400 3265 431 3321 at
460 3263 537 3322 circa
567 3282 635 3322 eum
666 3265 696 3321 et
729 3280 782 3322 sua
812 3262 989 3321 fortitudine
1021 3262 1120 3338 ignem
1151 3262 1213 3322 eius

157 3359 185 3406 35
199 3348 344 3427 dissipant
374 3353 404 3410 et
436 3353 623 3430 dispergunt,
659 3352 731 3429 quia
763 3352 789 3411 si
818 3351 874 3410 hoc
903 3369 962 3410 non
992 3351 1135 3426 facerent,
1169 3351 1212 3412 sol

272 3542 294 3614 1)
312 3543 399 3613 Apoc.
421 3544 463 3615 10,
481 3545 508 3602 4.
