2662 3932
205 182 247 240 90
593 169 837 226 nranrcnaurs

270 357 316 416 De
338 356 461 416 calvitie.
507 355 612 427 Homo,
644 355 728 414 cuius
755 355 910 414 calvitium
937 357 1048 432 grande
1072 360 1102 416 et
1124 353 1240 415 latum

205 449 258 521 est,
284 446 391 505 fortem
419 445 547 503 calorem
574 445 604 502 in
632 463 662 503 se
689 443 786 504 hebet.
831 444 871 503 Et
894 445 975 504 calor
996 446 1053 504 iste
1077 449 1106 504 et
1128 445 1240 504 sudor

204 535 308 611 capitis
331 534 394 592 eius
416 534 509 593 crines
529 533 650 605 eiciunt,
672 533 724 592 sed
747 532 854 592 humor
868 533 979 593 halitus
999 535 1094 610 ipsius
1113 534 1239 594 fertilis

204 627 248 684 est
270 627 300 683 et
329 641 436 699 carnes,
465 623 519 681 ubi
548 622 641 683 barba
668 622 781 698 crescit,
808 622 968 698 humectat,
997 624 1041 681 ita
1070 623 1151 699 quod
1177 624 1237 682 ibi

175 713 326 791 eplurimi
350 713 444 772 crines
464 714 635 788 exsurgunt.
666 711 723 770 Sed
738 710 836 781 homo,
858 713 911 788 qui
926 711 1236 787 penuriamcrinium

203 807 235 863 iu
257 801 348 862 barba
368 800 465 877 habet,
488 800 538 859 sed
559 799 792 859 habundantiam
815 801 846 858 in
868 802 993 876 vertice,
1015 802 1072 860 iate
1090 801 1236 877 frigidus

204 894 234 951 et
249 891 437 968 aliquantum
451 889 591 949 infertilis
606 893 660 964 est,
677 892 711 954 ¹et
726 907 794 948 cum
811 889 960 962 (halitus)
978 907 1078 950 carnea
1094 891 1174 950 circa
1189 889 1234 950 os'

203 981 331 1040 hominia
342 979 473 1039 eiusdem
488 979 595 1054 tangit,
611 978 729 1037 easdem
744 997 844 1037 carnes
861 978 1034 1038 infecundas
1050 979 1129 1042 tacit.
1162 979 1234 1039 Sed

203 1072 361 1146 postquam
377 1069 466 1128 alicui
481 1067 594 1127 homini
609 1068 703 1126 crines
717 1068 748 1126 in
764 1068 886 1128 calvitio
902 1068 1069 1143 ceciderint,
1092 1069 1233 1144 amplius

163 1170 190 1214 10
204 1159 287 1218 nullo
310 1157 501 1216 medicamine
523 1157 683 1216 restaurari
701 1159 852 1233 poterunt,
877 1157 1018 1233 quoniam
1037 1157 1230 1217 humectatio

204 1252 234 1308 et
255 1247 398 1322 viriditas,
429 1265 518 1322 quam
541 1247 572 1304 in
595 1248 663 1305 cute
686 1246 799 1322 capitis,
826 1245 925 1304 id-est
947 1246 979 1305 in
1005 1247 1231 1306 hirueschedele

203 1355 266 1412 suo,
295 1335 379 1411 prius
400 1335 533 1406 habebat,
563 1335 623 1392 iam
646 1336 769 1408 exaruit,
799 1353 853 1394 nec
876 1335 981 1394 amodo
1005 1337 1068 1394 ulla
1082 1336 1228 1396 viriditas

202 1425 245 1484 ibi
273 1442 430 1501 exsurgere
452 1423 571 1500 poterit,
603 1423 683 1483 uude
705 1425 794 1482 etiam
826 1424 926 1500 capilli
949 1424 1055 1484 amodo
1087 1425 1128 1483 ibi
1158 1444 1228 1485 non
1320 1493 1322 1503 ὓ

202 1517 400 1576 renascentur.
443 1513 484 1571 Et
510 1513 577 1572 ideo
605 1513 774 1588 saepissime
802 1513 912 1588 evenit,
939 1516 975 1572 ut
1003 1531 1133 1590 quorum
1159 1515 1224 1574 cal·
1320 1518 1321 1530 ¹

162 1614 189 1659 15
203 1603 312 1663 vitium
339 1601 449 1679 grande
476 1605 506 1661 et
536 1602 630 1660 latum
654 1605 705 1672 est,
732 1602 839 1662 horum
866 1602 958 1662 barba
984 1603 1074 1661 etiam
1101 1604 1227 1680 grandis

202 1696 233 1752 at
254 1692 314 1751 lata
337 1692 382 1762 lit,
405 1694 436 1750 et
458 1691 512 1772 qui
536 1691 712 1750 tenuitatem
736 1694 765 1751 et
780 1691 934 1766 penuriam
949 1691 980 1750 in
995 1691 1087 1751 barba
1101 1692 1224 1770 habent,

202 1781 233 1840 hi
255 1784 340 1840 tanto
363 1781 432 1857 plus
454 1781 484 1839 in
507 1780 618 1840 vertice
641 1780 770 1840 crinibus
792 1780 971 1840 habundant.
992 1793 998 1810 ·’

269 1872 317 1932 De
345 1869 453 1943 capitis
480 1865 589 1930 dolore.
633 1870 733 1928 Acuta
759 1869 850 1929 febris
873 1872 904 1929 et
929 1869 1078 1928 cotidiana
1105 1873 1135 1930 et
1162 1873 1223 1931 ter·

201 1961 281 2019 tiana
313 1965 402 2036 atque
434 1963 591 2035 quartana,
625 1958 676 2018 sed
708 1963 739 2017 et
769 1959 842 2018 aliae
875 1957 984 2034 febres,
1016 1959 1224 2020 melancoliam

161 2059 189 2105 20
202 2049 351 2108 interdurn
380 2051 516 2125 tangunt,
549 2051 580 2106 et
611 2048 664 2106 illa
695 2047 737 2106 sic
768 2051 848 2107 tacta
870 2066 1012 2124 aquosum
1040 2045 1158 2107 fumum
1182 2051 1223 2108 ad

198 2142 345 2214 caputet
368 2137 403 2196 ad
428 2136 580 2196 cerebrum
602 2135 729 2196 hominis
750 2137 846 2197 mittit
868 2140 958 2212 atque
980 2137 1058 2196 illud
1080 2139 1167 2214 gravi
1191 2143 1223 2199 et
1322 2196 1323 2203 ,

83 2227 87 2237 ’
202 2226 341 2286 continuo
365 2226 465 2285 dolore
488 2225 631 2284 infirmari
653 2225 735 2285 facit.

266 2316 315 2374 De
337 2317 516 2389 emigranea.
554 2313 611 2373 Sed
635 2319 665 2372 et
685 2315 852 2392 emigranea
874 2314 911 2373 de
933 2314 1107 2374 melancolia
1129 2319 1161 2376 et
1183 2316 1222 2376 de

201 2399 336 2464 omnibns
359 2404 443 2463 malis
466 2402 648 2472 humoribus,
681 2403 787 2479 quiin
818 2404 935 2463 homine
968 2409 1046 2476 sunt,
1078 2405 1221 2477 nascitur,

161 2503 189 2550 25
202 2498 233 2553 et
254 2493 443 2553 medietatem
465 2493 571 2568 capitis
594 2493 720 2551 hominis
744 2497 870 2567 occupat
891 2497 921 2552 et
949 2511 1008 2552 non
1035 2497 1149 2570 totum,
1176 2495 1222 2553 ita

202 2584 283 2659 quod
305 2601 383 2642 nunc
414 2583 446 2640 in
469 2582 571 2640 dextra
594 2584 678 2658 parte
701 2580 808 2656 capitis
840 2601 919 2642 uunc
948 2583 980 2640 in
1011 2583 1131 2642 sinistre
1162 2587 1220 2656 est;

200 2672 337 2732 videlicet
364 2689 432 2731 cum
458 2672 598 2730 humores
630 2669 906 2746 superhabundant,
940 2672 1073 2731 dextram
1103 2677 1220 2748 partem
1322 2700 1323 2709 ¹

201 2765 343 2837 occupat,
380 2780 448 2820 cum
479 2778 550 2820 vero
582 2759 755 2820 melancolia
791 2761 1024 2836 supercreverit,
1061 2762 1219 2821 sinistram.

200 2848 275 2908 Nam
298 2850 463 2926 emigranea
482 2853 595 2908 tantam
623 2849 828 2909 fortitudinem
854 2850 884 2907 in
913 2868 942 2908 se
967 2848 1065 2922 habet,
1093 2851 1218 2926 (quod)

161 2950 189 2994 eo
202 2939 227 2998 si
249 2940 347 2998 totum
371 2942 460 3013 capnt
482 2937 609 2996 hominis
636 2937 726 2996 simul
753 2943 922 3014 occuparet,
953 2938 1042 2999 homo
1073 2940 1137 3014 pati
1159 2959 1218 3000 nou

201 3032 307 3104 posset.
344 3027 384 3086 Et
407 3026 479 3086 haee
498 3026 618 3086 difficile
640 3027 747 3102 expelli
768 3028 887 3104 poterit,
911 3029 989 3104 quia,
1013 3028 1093 3104 quod
1108 3028 1216 3088 melan-

200 3117 306 3176 coliam
348 3115 499 3176 interdum
539 3117 715 3191 compescit,
762 3117 853 3175 malos
894 3116 1031 3176 humores
1068 3115 1216 3177 interdum

200 3206 316 3281 excitat,
333 3208 362 3265 et
378 3204 459 3281 quod
475 3207 567 3264 malos
582 3205 720 3264 humores
735 3195 884 3264 interdum
900 3207 991 3282 aedat,
1014 3206 1216 3266 melancoliam
1322 3251 1323 3274 ,

199 3295 350 3355 interdum
374 3313 501 3354 crescere
517 3295 597 3364 facit,
620 3300 651 3352 et
665 3293 731 3354 ideo
754 3293 875 3354 difficile
898 3297 1080 3354 curationem
1103 3296 1216 3372 recipit,
1301 3337 1303 3343 ,

159 3394 188 3441 35
202 3384 342 3463 quoniam
357 3384 528 3444 melancolia
544 3387 574 3443 et
588 3383 659 3442 mali
675 3383 814 3443 humores
828 3383 949 3443 difficile
962 3384 1053 3443 simul
1067 3384 1216 3447 sedantur.

267 3473 344 3534 Item
375 3474 411 3532 de
444 3474 553 3546 capitis
587 3472 695 3532 dolore.
742 3471 832 3533 (libus
865 3492 944 3544 vero,
979 3473 1032 3549 qui
1063 3473 1215 3532 madidum

199 3581 319 3624 succum
341 3563 372 3621 in
394 3581 424 3621 ae
451 3562 548 3634 habet,
576 3563 660 3621 velut
687 3580 791 3622 succus
819 3561 978 3622 herbarum
1004 3561 1160 3621 hortorum
1188 3567 1215 3625 et
