2668 3924
368 209 507 265 causer}
526 209 572 264 nr
592 209 712 265 CURAE
730 211 797 264 LlB.
816 211 863 264 ΙΙΙ.
1062 215 1123 274 177

110 396 146 454 (10
178 395 326 472 genimine
357 393 510 470 sanguinis
544 398 596 471 est,
631 395 722 455 sedat.
770 393 877 454 Cibum
911 395 1008 468 etiam,
1038 413 1125 469 quem

111 484 249 555 comedit,
274 487 356 542 aceto
379 487 578 559 temperatum
599 485 740 555 comedat,
765 485 904 560 quoniam
921 484 1000 542 calor
1015 486 1046 542 et
1060 502 1126 542 ecu-

109 593 178 634 men
202 573 277 632 aceti
300 575 382 632 iecur
398 574 584 650 constringit.
618 571 675 632 Sed
691 575 722 631 01
740 574 894 632 triticeum
913 591 1020 648 panem
1039 573 1126 630 illum

110 662 281 736 manducet,
304 681 391 738 quem
417 661 538 737 quidam
561 663 694 721 homines
709 663 787 720 inter
803 662 952 720 discissam
968 664 999 720 01
1014 661 1126 719 aridam

109 751 264 828 porcinam
296 751 448 826 scapulam
482 752 614 810 carnium
644 752 803 826 aliquando
835 769 889 827 pro
913 750 1153 810 delectamentos

108 843 229 917 ponunt
263 843 293 898 et
314 841 383 898 vino
417 840 610 916 perfundunt.
655 839 730 899 Nam
764 841 865 899 aridus
897 857 1001 898 succus
1038 839 1127 898 huius

110 931 259 1005 scapulae,
284 947 351 988 cum
376 930 521 988 excitatur
544 931 639 988 calore
661 930 724 988 vini
747 933 777 989 et
800 930 870 1006 pani
893 928 1126 1004 superfunditur,

107 1021 191 1078 idem
213 1017 298 1093 panis
321 1017 362 1077 sic
391 1023 572 1093 temperatus
599 1019 681 1078 iecur
709 1019 895 1095 constringit,
928 1036 965 1076 ne
998 1017 1126 1076 infletur.

106 1108 167 1167 Sed
198 1112 297 1166 tamen
326 1108 430 1166 vinum
460 1108 545 1183 illud,
579 1127 646 1166 cum
681 1127 740 1184 quo
770 1109 826 1167 hae
860 1125 958 1166 carnes
991 1107 1127 1182 perfusae

111 1201 193 1272 sunt,
222 1214 282 1255 non
303 1195 395 1271 bibat,
429 1197 517 1272 quod,
542 1198 620 1273 quod
644 1198 784 1257 nocivum
805 1198 836 1255 in
859 1196 967 1255 eisdem
990 1195 1127 1254 carnibus
1141 1205 1169 1250 10

111 1287 182 1361 fuit,
205 1283 285 1344 idem
306 1285 409 1344 vinum
432 1287 623 1360 pertransivit
645 1289 675 1345 et
696 1287 727 1344 10
750 1306 780 1346 00
803 1286 903 1348 traxit.

180 1374 226 1433 Dc
259 1375 376 1452 splenis
410 1375 517 1435 dolore.
565 1369 675 1450 ¹)Oum
697 1376 786 1434 homo
814 1374 974 1450 aliquando
1003 1372 1127 1432 crudum

112 1464 215 1524 cibum
239 1463 373 1538 comedit,
397 1465 467 1522 mali
482 1465 620 1524 humores
637 1465 796 1524 eorundem
813 1464 955 1540 ciborum,
979 1463 1060 1539 quod
1075 1482 1129 1538 per

111 1553 232 1612 nullum
256 1552 476 1611 condimentum
498 1555 655 1630 temperati
687 1557 765 1629 aunt,
799 1557 835 1612 ad
865 1555 948 1630 splen
978 1553 1128 1611 interdum

112 1643 277 1701 ascendunt
299 1645 329 1699 et
350 1642 426 1700 illud
449 1643 548 1702 dolere
571 1643 694 1716 faciunt,
725 1643 805 1702 unde
835 1642 917 1701 idem
942 1643 1031 1701 homo
1055 1643 1125 1700 cari·
1142 1653 1181 1696 15*

113 1732 223 1790 folium
247 1731 373 1806 accipiat
396 1734 425 1790 et
447 1733 598 1791 modicum
620 1733 717 1791 minus
740 1733 776 1790 (10
798 1734 884 1790 aneto
907 1733 937 1789 et
964 1749 1030 1789 cum
1053 1731 1129 1788 triti·

111 1838 166 1880 000
190 1839 266 1896 pane
288 1819 319 1877 in
344 1824 426 1879 aceto
450 1822 534 1880 velut
557 1822 628 1880 offas
651 1824 681 1880 et
703 1823 787 1881 velut
806 1820 1025 1880 condimentum
1040 1820 1130 1878 faciat

115 1913 149 1968 01
173 1910 216 1968 010
239 1909 409 1983 frequenter
433 1912 575 1971 comedat.
607 1909 682 1968 Nam
697 1929 787 1969 suave
810 1909 906 1986 frigus
929 1908 1054 1967 cerifolii
1077 1909 1128 1967 do·

110 2001 208 2058 loram
225 1998 342 2074 splenis,
367 2000 420 2075 qui
442 2003 472 2059 et
495 1999 531 2058 (10
554 1999 656 2059 calidis
679 2003 710 2058 et
731 1999 849 2076 frigidis
871 1996 1047 2056 humoribus
1062 2015 1125 2057 sur-

115 2089 171 2166 git,
195 2091 309 2164 purgat
331 2090 361 2146 et
383 2091 475 2163 sanat,
497 2089 647 2166 frigiditas
670 2091 769 2147 autem
791 2087 870 2146 aneti
884 2088 967 2162 splen
982 2087 1129 2146 confortat
1142 2097 1169 2141 ac

115 2182 148 2236 01
170 2177 309 2236 triticeus
331 2177 415 2252 panis
438 2179 521 2254 splen
544 2195 672 2238 crescere
694 2178 774 2253 facit,
807 2179 923 2236 acetum
952 2195 1021 2236 vcro
1053 2176 1128 2234 illud

114 2266 251 2325 acumine
274 2283 329 2324 suo
351 2273 471 2344 purgat.
512 2267 619 2326 Postea
642 2267 733 2326 etiam
755 2285 853 2325 semen
875 2266 929 2324 lini
953 2266 1078 2342 accipiat
1099 2270 1130 2325 et

112 2355 191 2415 illud
214 2355 246 2412 in
269 2357 417 2432 sartagine
441 2360 550 2432 coquat
571 2359 602 2415 01
623 2356 666 2414 110
690 2357 725 2415 (10
748 2356 897 2432 sartagine
927 2355 1061 2414 ablatum
1084 2373 1128 2412 ex·

111 2463 215 2522 pressa
237 2463 315 2520 aqua
338 2445 368 2502 in
391 2445 548 2504 saccellum
571 2445 673 2504 fusum
695 2445 761 2504 loco
785 2444 904 2521 splenis,
927 2449 1038 2521 quanto
1062 2443 1128 2503 cali·

112 2535 181 2594 dius
203 2533 268 2609 pati
289 2536 395 2607 potest,
430 2554 498 2593 cum
533 2534 656 2594 saccello
688 2537 876 2611 superponat.
921 2532 997 2592 Nam
1031 2542 1170 2592 semesas

112 2624 169 2682 lini
206 2622 333 2682 calidum
369 2627 400 2682 et
433 2624 561 2683 livosum
592 2627 644 2698 est,
678 2625 709 2683 01
738 2642 806 2683 cum
828 2622 905 2681 illud
927 2623 959 2680 in
981 2623 1129 2681 suavitate

116 2731 212 2789 aquae
245 2711 281 2769 ad
312 2712 388 2770 vires
418 2731 486 2771 sues
518 2713 671 2789 excitatur,
704 2713 800 2772 calore
824 2715 854 2770 01
876 2711 1054 2770 humiditate
1077 2729 1130 2769 sua

113 2801 198 2877 splen
221 2801 319 2877 tangit
342 2805 372 2858 01
393 2806 485 2864 sanat.

180 2889 226 2948 Dc
248 2891 391 2951 stomachi
414 2891 522 2950 dolore.
570 2889 644 2949 Cum
671 2891 811 2968 indigesti
839 2890 898 2948 cibi
925 2889 956 2947 in
978 2890 1129 2949 stomacho

112 2979 240 3038 hominis
263 2979 413 3038 interdum
437 2981 633 3057 coagulantur
656 2983 687 3039 et
709 2980 913 3054 indurescunt,
944 2978 1170 3038 stomachumsc

112 3067 213 3128 dolere
239 3069 364 3140 faciunt,
397 3072 578 3145 quapropter
605 3069 656 3127 ille
679 3068 852 3129 dactilosam
882 3068 1009 3143 accipiat
1035 3071 1066 3127 ct
1093 3068 1129 3126 ad

112 3160 251 3234 quartam
284 3157 347 3216 eius
376 3160 492 3233 partem
526 3158 703 3218 abrotanum
732 3165 762 3218 01
794 3158 992 3234 quinquefolii
1021 3157 1128 3227 minus,

116 3266 208 3323 quam
233 3245 367 3305 abrotani
389 3247 437 3323 sit,
461 3247 584 3306 ethaeo
607 3248 644 3306 ad
667 3266 787 3307 succum
819 3247 851 3304 in
877 3247 1020 3306 mortario
1051 3248 1131 3305 terat

113 3341 145 3395 et
171 3343 275 3411 postea
301 3336 332 3394 in
358 3337 436 3396 bono
465 3341 554 3412 atquc
581 3355 659 3413 puro
692 3338 761 3397 vinc
797 3339 922 3412 coquat,
955 3336 999 3393 110
1032 3339 1130 3394 tamen

115 3426 196 3501 quod
220 3425 323 3483 vinum
345 3426 400 3484 hoc
423 3443 544 3485 succum
566 3422 728 3486 herbarum
750 3426 875 3484 istarum
898 3424 1013 3483 duabus
1036 3425 1126 3499 parti·
1143 3433 1170 3478 35

189 3616 211 3684 ¹)
230 3635 254 3670 v.
276 3616 380 3669 12-25
400 3641 431 3660 =
451 3614 548 3685 Migna
568 3614 637 3668 1160
655 3614 744 3667 B-c.

168 3711 326 3766 Hildegardis
340 3715 465 3756 00000001
479 3721 552 3754 00100
565 3710 602 3754 ed.
616 3710 732 3755 Kaisar.
970 3701 1004 3754 12
