2662 3932
378 186 519 242 CAUSAE
537 185 584 241 ΕΤ
602 185 724 243 CURAE
742 187 808 243 LIB.
828 187 863 244 Π.
1083 194 1123 253 87

88 371 247 430 multum
268 370 406 441 laeditur,
439 371 511 447 quis
532 371 563 429 in
597 371 793 431 commotione
827 373 960 448 corporis
993 375 1049 448 est,
1083 373 1126 432 ita

87 463 218 532 tamen,
245 479 280 519 ue
304 460 529 537 supramodum
551 459 641 519 vadat
663 465 717 520 ant
738 465 803 524 stet.
849 461 907 532 Qui
929 480 999 521 vero
1022 461 1133 523 debilis,

88 553 151 622 est,
189 549 305 625 sedeat,
339 550 418 626 quia,
448 549 473 609 si
505 549 561 608 iste
592 549 721 608 multum
751 549 810 610 iret
840 554 893 609 aut
924 553 1026 623 staret,
1057 551 1126 611 inde

87 638 289 700 laederetur.
328 638 438 698 Mulier
460 641 569 709 autem,
592 638 662 714 quia
684 638 821 715 fragilior
841 639 906 699 viro
929 645 983 711 est,
1007 639 1127 720 etquis

86 728 257 788 diversam
280 727 438 788 calvariam
460 726 559 802 babet,
588 729 738 787 moderate
770 727 903 787 ambulet
925 731 955 787 et
982 731 1048 801 stet,
1075 729 1126 789 'sed
1152 741 1167 784 5

87 819 203 894 magis
230 817 339 892 sedeat,
361 835 451 893 qnam
474 816 629 893 discurrat,
651 836 688 876 ue
709 815 778 875 inde
800 816 943 877 laedatur.
975 817 1035 888 Qui
1055 837 1125 879 vero

89 907 125 964 in
152 925 242 982 equo
265 905 361 982 vadit,
391 905 458 964 inde
481 923 540 965 non
563 905 694 966 multum
721 904 862 981 laeditur,
894 907 1031 982 quamvis
1057 907 1126 966 inde

90 996 265 1073 fatigetur,
289 995 430 1070 quoniam
451 995 483 1053 in
499 1013 565 1053 uere
581 995 656 1054 etin
672 1013 746 1054 aura
760 997 904 1068 versatur,
927 993 978 1054 sed
1001 996 1126 1070 pedibus

93 1088 129 1144 et
164 1084 313 1144 cruribus
340 1084 401 1144 suis
430 1084 581 1143 interdum
615 1084 783 1159 subveniat,
821 1085 865 1144 ita
899 1084 980 1160 qnod
1013 1102 1063 1144 eos
1095 1085 1126 1143 in

92 1174 244 1234 motione
267 1177 298 1232 et
320 1173 485 1233 extensione
508 1171 657 1232 interdum
680 1177 821 1236 exerceat.
1141 1185 1168 1230 10
1243 1159 1250 1168 “

169 1263 226 1322 Dc
239 1263 415 1336 scmpuicea.
446 1261 596 1332 Quaedam
613 1265 712 1328 antem
727 1262 853 1322 feminae
868 1263 989 1340 pinguis
1004 1266 1127 1323 naturae

93 1355 178 1410 sunt
206 1356 239 1410 et
260 1351 364 1411 molles
387 1355 417 1410 et
442 1351 595 1412 deliciosas
610 1369 710 1410 carnes
725 1351 835 1412 habent
856 1355 887 1412 et
900 1353 1025 1430 graciles
1039 1371 1128 1413 venas

95 1443 203 1516 atque
227 1443 342 1500 rectum
361 1441 535 1517 sanguinem
557 1441 668 1517 absque
691 1441 767 1502 tabe.
812 1441 852 1501 Et
874 1442 1014 1517 qnoniam
1036 1461 1127 1502 venae

97 1549 219 1590 earum
247 1530 369 1606 maciles
391 1532 473 1602 sunt,
504 1531 571 1589 ideo
598 1531 695 1589 minus
717 1531 868 1606 sanguinis
894 1531 926 1590 in
953 1541 988 1590 se
1010 1531 1127 1604 habent,

99 1623 206 1695 atque
230 1637 296 1679 caro
320 1637 421 1678 esrum
436 1621 520 1678 tanto
535 1619 602 1694 plns
622 1619 726 1678 crescii
748 1624 779 1679 et
792 1621 876 1679 tanto
891 1621 959 1695 plus
983 1622 1127 1698 sanguine
1140 1631 1168 1676 15

99 1708 263 1783 permixta
286 1711 338 1767 est.
374 1708 414 1766 nt
435 1708 508 1767 istae
531 1709 639 1767 claram
662 1711 692 1768 et
715 1708 812 1766 albam
834 1707 944 1768 faciem
966 1708 1076 1770 habent
1098 1714 1128 1769 et

100 1797 138 1855 in
164 1797 352 1873 amplexione
383 1799 491 1860 amoris
517 1801 587 1856 sunt
616 1799 659 1856 et·
676 1796 815 1856 amabiles
842 1801 932 1874 atque
959 1799 990 1856 in
1013 1798 1127 1858 artibus

104 1886 240 1946 subtiles
263 1889 294 1944 et
315 1905 369 1962 per
390 1889 430 1945 se'
442 1886 523 1963 ipsas
543 1887 574 1944 in
590 1886 688 1946 animo
704 1904 757 1945 suo
773 1885 953 1945 continentes
969 1889 999 1946 et
1013 1886 1127 1947 modice

103 1976 285 2035 effluentem
317 1975 489 2052 sangninem
518 1976 550 2034 in
577 1975 683 2034 rivulis
710 1975 855 2034 menstrui
883 1977 1025 2050 temporis
1051 1977 1126 2052 pati·

104 2067 222 2138 untur,
254 2067 344 2141 atque
371 2065 526 2125 vasculum
553 2064 685 2123 matricis
714 2083 817 2123 earum
849 2064 968 2124 fortiter
994 2066 1126 2142 positum
1140 2077 1168 2123 no

103 2155 155 2214 est
187 2153 225 2212 ad
251 2154 440 2229 pariendum,
473 2153 551 2213 unde
584 2153 673 2212 etiam
700 2153 842 2213 fecundes
873 2158 943 2213 aunt
979 2158 1009 2214 et
1041 2155 1127 2215 virile

104 2260 211 2302 semen
234 2243 387 2318 concipere
406 2245 539 2318 possunt.
571 2241 629 2301 Sed
650 2245 749 2302 tamen
771 2243 915 2318 plurimos
937 2262 1046 2320 pueros
1067 2263 1127 2304 non

106 2336 307 2409 generantur,
341 2335 372 2392 et
403 2332 428 2391 si
456 2332 531 2391 istae
562 2330 673 2408 absquo
706 2332 822 2391 maritis
856 2336 939 2403 sunt,
972 2333 1016 2392 iia
1047 2334 1127 2409 quod

111 2421 233 2496 prolem
265 2437 324 2480 non
354 2421 488 2497 pariunt,
519 2421 605 2480 facile
633 2420 734 2480 dolent
759 2421 791 2480 in
813 2439 949 2498 corpore;
980 2423 1126 2481 eiautem

108 2509 238 2570 maritos
259 2510 377 2586 habent,
401 2528 486 2569 sanae
509 2515 589 2571 sunt.
635 2509 721 2580 Quod
744 2510 769 2568 si
791 2513 895 2586 guttae
918 2511 1069 2588 sanguinis
1095 2511 1127 2570 iu
1140 2525 1167 2570 25

107 2601 266 2658 menstruo
288 2602 422 2675 tempore
438 2603 506 2658 anto
528 2599 664 2658 naturale
678 2603 797 2675 tempus
812 2600 843 2658 in
857 2600 923 2659 istis
939 2599 1126 2671 clauduntur,

109 2687 157 2746 ita
173 2687 255 2764 quod
268 2707 327 2747 non
343 2689 479 2764 effluunt,
499 2691 572 2748 tunc
586 2688 737 2748 interdum
753 2691 807 2748 aut
820 2688 1026 2748 melaucolicae
1041 2691 1129 2748 amnt

110 2780 169 2837 ant
191 2777 324 2837 dolorem
345 2777 448 2836 lateris
470 2778 630 2854 patientur,
659 2781 712 2838 aut
734 2777 842 2836 vermis
865 2777 896 2836 in
919 2797 1004 2836 carne
1026 2797 1128 2837 earnm
1159 2844 1161 2848 ,

111 2869 233 2938 crescet,
256 2869 310 2926 aut
332 2867 486 2926 effluentes
506 2865 634 2943 glandes,
658 2885 735 2942 quae
757 2865 902 2926 scrofulae
926 2867 1073 2942 dicuntur,
1096 2868 1128 2926 in

110 2955 155 3015 eis
180 2959 343 3031 erumpent,
366 2960 420 3016 aut
441 2957 531 3032 lepra,
561 2973 637 3032 quae
660 2958 758 3014 tamen
781 2955 933 3016 moderata
954 2958 1006 3029 eet,
1030 2957 1060 3015 in
1083 2957 1125 3017 eis
1139 2970 1167 3014 30

111 3048 231 3106 crescet

181 3135 229 3194 Dc
268 3135 450 3209 tlepmatc‘cc's.
505 3133 564 3193 Sed
602 3133 745 3209 quaedam
779 3134 854 3192 oliae
886 3134 1012 3193 feminae
1049 3139 1127 3206 sunt,

112 3240 241 3298 quarum
265 3241 366 3284 carnes
388 3241 446 3282 nou
468 3224 598 3282 multum
621 3226 768 3298 crescunt,
800 3222 872 3298 quia
899 3241 1013 3299 grossas
1040 3243 1127 3283 venas

114 3309 225 3372 babent
254 3316 285 3372 et
315 3313 502 3392 aliquantum
535 3331 640 3372 sanum
671 3311 845 3389 sanguinem
880 3315 910 3371 et
943 3312 1042 3372 album
1076 3313 1128 3372 sed

114 3401 265 3461 modicum
291 3402 395 3461 veneni
422 3403 453 3460 iu
476 3420 507 3462 se
534 3401 740 3476 continentem,
767 3400 846 3459 uude
873 3399 974 3459 album
997 3402 1164 3461 coloremso

115 3490 272 3552 contrahit.
316 3491 357 3550 nt
383 3509 515 3550 severam
544 3490 649 3550 faciem
676 3492 707 3551 et
734 3490 870 3566 subnigri
891 3489 998 3550 coloris
1020 3489 1128 3551 hebent

115 3582 147 3639 et
167 3583 304 3640 strennas
332 3583 362 3640 et
388 3579 479 3639 utiles
501 3586 572 3639 sunt
594 3598 627 3639 ac
649 3579 836 3654 aliquantum
857 3578 975 3639 virilem
997 3580 1129 3638 animum
