2662 3932
374 189 517 248 causan
534 193 581 248 ET
600 191 721 248 GURAE
738 192 806 251 ΜΒ.
825 193 859 248 H.
1057 197 1119 260 147

95 376 317 436 infirmitatum
332 376 444 437 nescit.
490 376 548 448 Qui
571 381 672 437 autem
693 377 725 436 in
747 378 823 438 facie
844 378 941 452 rubet,
964 397 1033 438 cnm
1046 377 1120 437 iras·

96 467 195 537 uitur,
221 465 309 524 huius
329 465 452 542 sanguis
474 465 510 524 de
533 467 602 526 felle
624 467 721 526 fervet
743 466 838 526 etita
860 467 898 527 ed
920 468 1025 528 faciem
1040 467 1121 526 duci·

94 558 164 630 tor,
202 557 233 614 et
261 553 317 614 iste
349 559 470 629 repente
493 558 523 615 et
545 557 632 616 valde
654 557 783 616 inirem
817 558 963 624 movetur.
997 557 1048 617 sed
1077 557 1122 615 ira

97 645 169 703 eiua
194 643 253 702 oito
278 643 486 719 compescitur,
517 648 553 705 ut
576 645 685 722 aliquis
706 663 832 723 magnus
853 646 962 716 fervor,
986 647 1040 722 qui
1063 646 1121 706 cito

96 733 194 808 cadit,
219 735 250 792 et
273 751 308 791 ex
330 732 386 792 hnc
408 734 453 792 ira
475 753 534 794 non
556 735 688 794 multum
710 735 841 795 laeditur
861 736 968 795 necin
998 746 1149 811 corporee

98 822 221 882 areant,
267 821 306 880 Et
337 839 423 896 saepe
454 841 485 884 se
512 843 571 883 non
593 825 745 884 vindicans
767 825 879 901 absque
902 823 1032 883 vindicta
1053 842 1119 900 per·

97 911 222 972 transit.
264 910 322 969 Sed
353 911 406 988 qui
437 912 469 971 in
495 912 570 972 facie
600 913 702 990 pallet,
734 933 803 974 cum
825 914 856 972 in
878 913 955 972 iram
976 916 1126 988 movetur,

98 1000 195 1059 huius
218 999 266 1058 ire
279 1000 348 1058 talis
364 1004 417 1076 est,
441 1001 523 1078 qnod
542 1003 573 1061 in
597 1004 662 1078 ipso
678 1003 853 1063 melancolia
868 1002 1022 1075 excitatur,
1045 1020 1120 1077 quae

102 1090 229 1166 quidem
252 1089 425 1166 sanguinem
453 1091 516 1150 eius
547 1110 608 1151 non
640 1096 749 1168 movet,
783 1092 833 1152 sed
866 1092 1006 1151 humores
1038 1090 1121 1150 illius

101 1178 254 1254 paulatim
284 1179 449 1255 conturbat,
482 1179 526 1239 itu
556 1181 638 1257 quod
665 1181 755 1241 homo
782 1200 817 1240 ex
838 1180 895 1241 hoc
917 1180 1120 1258 infrigidatur,
1135 1188 1162 1233 10

103 1271 136 1327 et
159 1266 240 1343 qnod
264 1267 343 1326 vires
365 1269 428 1328 eins
450 1269 656 1346 infringuntur
685 1274 715 1330 et
744 1271 928 1346 mollescunt,
961 1273 992 1329 et
1022 1269 1064 1329 sio
1091 1269 1123 1326 in

102 1357 181 1415 facie
204 1356 297 1431 pallet
319 1357 396 1416 iram
417 1361 529 1435 tegens.
547 1358 620 1441 ‚sec
641 1360 761 1419 interim
785 1361 863 1418 mala
884 1359 1022 1419 voluntas
1045 1377 1123 1418 acer·

102 1446 158 1505 bae
181 1445 307 1504 ultionis
329 1446 360 1504 in
383 1466 417 1507 ao
440 1448 548 1525 surgit,
573 1468 648 1524 quae
671 1449 715 1508 ita
736 1449 888 1525 perdurat,
912 1448 993 1525 quod
1014 1466 1045 1507 ee
1064 1466 1123 1507 non

101 1535 185 1596 velet
208 1532 361 1610 abstinere,
385 1537 459 1612 quin
481 1537 558 1596 iram
580 1556 665 1596 suam
686 1539 826 1600 vindicet.

171 1623 219 1683 Dc
241 1625 392 1696 maurita
437 1625 477 1684 Et
507 1627 559 1686 isti
589 1628 762 1687 multotiens
794 1627 831 1686 ab
862 1627 908 1686 ira
930 1645 985 1686 sua
1006 1626 1038 1684 in
1061 1637 1164 1686 cor-15

101 1731 177 1789 pore
194 1713 338 1788 languent
353 1716 384 1773 et
398 1719 543 1792 arescunt,
567 1717 664 1774 anima
686 1735 757 1776 vero
780 1716 932 1776 seientiam
948 1718 978 1774 et
992 1715 1122 1774 intellec

102 1808 169 1861 tum
195 1800 294 1864 habet
338 1802 423 1862 Unde
447 1823 515 1864 cum
539 1805 661 1882 cogitat,
683 1805 761 1864 unde
784 1805 824 1864 sit
847 1807 878 1864 et
900 1804 973 1880 quid
988 1805 1036 1880 sii,
1059 1821 1121 1863 sus·

101 1891 182 1967 piria
210 1891 370 1950 introrsum
404 1891 505 1970 trahit,
539 1894 658 1954 homine
689 1895 851 1972 ignorante,
885 1893 963 1953 unde
994 1892 1123 1968 suspiria

102 1978 157 2040 illa
192 1979 260 2041 sint.
315 1978 390 2039 Cum
424 1985 523 2041 autem
556 1983 708 2043 interdum
742 1986 795 2042 eut
827 1982 1035 2043 contumeliam
1070 1984 1123 2040 aut

102 2068 272 2128 molestiam
295 2074 348 2129 aut
370 2071 453 2129 aliud
476 2072 591 2148 aliquid
607 2073 722 2132 adversi
738 2090 844 2149 eorpus
860 2091 949 2132 snum
963 2089 1122 2145 passurum
1134 2077 1164 2124 20

103 2157 231 2218 senserit
252 2175 305 2216 neo
326 2159 382 2219 hoc
405 2160 560 2236 prohibere
583 2181 613 2221 se
642 2180 728 2237 posse
754 2161 943 2237 intellexerit,
975 2159 1036 2220 alta
1057 2178 1122 2220 sus-

101 2248 183 2324 piria
203 2249 366 2306 introrsum
388 2248 490 2313 trahit.

171 2336 217 2396 De
239 2337 382 2398 lomimis.
419 2338 459 2398 Et
480 2340 524 2399 ita
546 2340 583 2400 de
604 2340 782 2400 humoribus
796 2339 866 2416 illis,
890 2339 988 2416 quiin
1004 2338 1121 2398 homine

103 2428 185 2501 sunt,
214 2425 300 2485 velut
325 2445 444 2487 emarus
470 2428 571 2488 fumus
598 2448 652 2505 per
678 2429 833 2488 tristitiam
861 2429 1015 2505 egrediens
1044 2428 1122 2487 circa

102 2533 154 2574 cor
177 2515 338 2591 spargitur,
361 2517 415 2592 qui
437 2516 548 2590 tabem,
578 2518 691 2578 scilicet
713 2538 821 2595 aquam
844 2518 880 2577 de
896 2519 1039 2593 sanguine
1055 2533 1119 2576 cor·
1133 2525 1162 2570 25

103 2604 150 2664 dis
173 2608 204 2663 et
226 2603 262 2661 de
284 2607 427 2681 sanguine
449 2607 576 2666 aliarum
592 2627 741 2678 venarum,
765 2626 833 2667 cum
848 2607 1016 2666 excussione
1031 2605 1121 2682 gemi-

101 2697 193 2753 tuum
223 2698 345 2769 anperat
374 2714 408 2754 ac
437 2714 500 2756 eam
531 2698 573 2756 sic
600 2715 717 2756 sursum
741 2715 795 2772 per
816 2695 904 2756 venas
928 2694 1060 2755 ducendo
1084 2693 1122 2753 ad

102 2783 227 2842 venulas
251 2782 364 2841 cerebri
387 2785 473 2860 quasi
495 2785 639 2845 fumando
661 2786 758 2845 mittit
780 2788 810 2845 et
832 2805 884 2861 per
907 2785 974 2844 illas
996 2784 1032 2843 ad
1049 2802 1118 2844 oon·

102 2873 147 2934 los
172 2871 266 2943 ducit,
300 2873 372 2949 quie
395 2877 426 2932 et
448 2875 528 2933 oculi
552 2875 700 2951 quandam
723 2875 929 2951 cognationem
951 2873 989 2932 ad
1012 2892 1120 2950 aquam

102 2961 221 3022 habent
267 2961 306 3020 Et
328 2963 371 3020 ita
393 2981 472 3039 aqua
493 2964 546 3022 illa
568 2983 603 3023 ex
635 2963 729 3023 oculis
760 2963 829 3023 fluit
851 2968 882 3022 et
903 2963 959 3023 hoo
980 2962 1119 3022 lacrimae
1132 2969 1160 3016 30

102 3053 182 3110 sunt.
227 3048 304 3108 Nam
333 3070 411 3127 aqua
437 3053 627 3112 herimarum
652 3052 709 3113 hoc
731 3053 819 3112 modo
843 3053 879 3112 de
901 3053 1044 3128 sanguine
1067 3052 1118 3109 ho·

102 3139 191 3198 minis'
211 3159 266 3216 per
288 3140 416 3215 suspiria
438 3142 606 3219 gemituum
630 3141 809 3213 extrahitur,
841 3143 926 3202 velut
947 3159 1045 3201 semen
1067 3140 1117 3199 ho·

102 3229 191 3288 minis
214 3247 250 3287 ex
272 3229 404 3288 medulla
426 3233 456 3289 et
479 3231 515 3290 de
538 3231 680 3308 sangnine
703 3232 767 3290 eius
783 3231 930 3294 educitur.
967 3229 1119 3290 Lacrimae

103 3322 203 3378 autem
235 3319 272 3378 de
301 3318 425 3377 tristitia
456 3319 578 3379 abortae
600 3320 685 3379 velut
715 3320 746 3378 in
769 3339 869 3379 amaro
893 3321 976 3378 fumo
999 3337 1119 3378 sursum

103 3407 139 3465 ad
171 3407 274 3466 oculos
308 3406 480 3480 ascendunt,
513 3411 548 3466 ut
579 3409 766 3485 praedictum
796 3411 852 3484 eet,
884 3411 914 3466 et
945 3407 1158 3484 sanguinemee

102 3496 230 3556 hominis
252 3496 418 3556 arefaciunt
449 3500 480 3556 et
511 3516 628 3556 carnem
655 3500 805 3557 macerent
838 3500 869 3555 et
901 3496 1050 3555 hominem
1083 3499 1120 3553 ut

108 3585 179 3644 mali
202 3585 259 3644 oibi
281 3585 406 3644 laedunt
433 3588 524 3662 atque
556 3585 829 3662 caliginemoculis
852 3585 992 3645 inferunt.
1038 3583 1118 3653 Quae

958 3683 1012 3739 10*
