2680 3938
404 165 548 221 CAUSAE
566 166 613 221 ET
632 164 754 222 cornu
772 166 840 222 LIB.
858 165 880 220 Ι.
1132 173 1149 233 7

129 351 232 428 frigus
265 350 301 410 de
330 348 435 425 abysso
470 369 559 427 supra
589 350 711 410 modum
745 368 864 410 sursum
897 351 1063 415 ascendant.
1112 353 1152 411 Et

132 440 217 499 idern
239 443 343 499 ventus
367 439 467 498 omnia
489 442 607 498 matura
629 439 709 514 faoit,
736 440 780 498 ita
802 444 839 499 01
860 441 932 500 folia
954 441 1098 501 silvarum
1121 446 1152 502 et

129 529 278 606 gramina,
310 530 432 605 segetes,
462 547 558 605 pomo,
585 529 689 590 vinum
721 533 751 588 et
780 548 880 589 omnes
902 529 1032 606 reliquos
1054 535 1151 590 terrae

133 618 254 677 fruetus
278 617 315 676 ed
337 619 543 677 maturitatem
565 618 719 694 producat.
755 617 868 678 Ventus
883 637 953 678 vero
977 620 1150 696 septentrio·

130 707 210 766 nelis
232 709 364 782 quatuor
385 708 538 766 columnas
560 706 663 781 habet,
691 725 744 783 per
768 726 840 783 quas
863 709 962 766 totum
981 709 1177 769 1100000005

131 800 202 856 tum
233 804 263 855 01
294 799 395 855 totum
425 797 564 872 abyssum
597 797 739 858 eontinet
785 796 843 856 Sed
870 815 938 856 eum
961 816 1010 858 eas
1033 817 1149 858 sursum

132 886 267 958 traxerit,
307 888 380 944 tuno
415 885 635 945 firmamentum
672 886 710 945 ad
746 885 884 962 abyssum
916 886 1151 963 eomplieabitur.

133 974 200 1034 Hae
227 977 329 1034 antem
360 976 491 1050 quatuor
523 975 676 1034 columnae
705 977 835 1050 quatuor
870 975 1014 1034 elementa
1040 980 1150 1053 tenent,

134 1083 212 1140 quae
244 1063 288 1122 ibi
319 1063 351 1122 in
381 1063 482 1123 eadem
515 1063 740 1140 septentrionali
768 1065 858 1142 plaga
884 1063 975 1124 simul
1002 1066 1148 1143 congluti-

132 1155 245 1212 nantur
269 1155 299 1212 01
322 1152 469 1212 finiuntur
494 1155 526 1212 et
553 1154 643 1212 etiam
670 1152 754 1212 velut
783 1153 927 1214 columnis
950 1155 1050 1213 innixa
1072 1158 1149 1228 sunt,
1164 1169 1191 1212 10

132 1249 170 1300 ne
194 1241 307 1302 oadant.
354 1240 430 1301 Oum
452 1261 523 1302 vero
545 1243 625 1301 idem
647 1244 753 1302 ventus
781 1243 959 1303 fortitudine
992 1262 1046 1304 sua
1076 1263 1148 1320 qua·

131 1335 203 1391 tuor
237 1332 388 1391 columnas
421 1350 489 1391 suas
520 1331 552 1390 in
582 1331 742 1392 novissimo
770 1332 817 1391 die
846 1333 1052 1408 commoverit,
1079 1335 1151 1392 tune

82 1491 84 1496 Ι
133 1421 225 1479 etiam
255 1420 476 1480 firmamentum
502 1421 737 1497 complicabitur,
770 1421 854 1481 velut
882 1420 1001 1482 tabulae
1030 1423 1150 1499 eompli-

132 1509 194 1568 osri
224 1510 328 1572 solent.
372 1510 412 1570 111
445 1513 550 1569 ventus
579 1511 636 1569 iste
663 1510 791 1587 frigidus
819 1512 917 1570 estet
946 1511 1043 1588 frigus
1066 1512 1151 1572 affert

132 1602 163 1658 et
185 1599 284 1658 omnia
306 1599 418 1676 frigore
443 1599 620 1676 constringit
642 1602 673 1658 et
687 1600 777 1658 simul
799 1602 888 1672 tenet,
910 1619 947 1659 00
970 1600 1149 1663 dilabantur.
1165 1615 1192 1658 15

199 1688 245 1747 De
268 1689 337 1748 sole.
383 1688 423 1747 Et
446 1689 500 1764 sol,
521 1690 558 1747 ut
579 1688 765 1764 praediotum
788 1691 840 1762 est,
863 1689 895 1747 in
910 1689 992 1765 apioe
1015 1694 1046 1750 et
1067 1691 1151 1766 quasi

134 1777 167 1834 in
189 1777 287 1837 medio
310 1777 489 1836 firmamenti
516 1778 631 1853 positus
664 1779 709 1836 est
739 1783 769 1837 et
800 1778 905 1854 igneus
937 1781 1027 1854 atque
1053 1780 1151 1838 aerius

135 1867 233 1926 00101
259 1867 328 1943 igne
360 1885 415 1925 suo
447 1885 562 1926 omnem
595 1867 841 1926 sustentationem
867 1869 898 1925 et
923 1866 1151 1927 fundamentum

135 1956 314 2015 firmamenti
326 1943 368 2015 ’01
390 1974 495 2027 aerem,
517 1956 622 2030 sidera,
645 1956 745 2014 stellas
768 1960 857 2032 atque
872 1954 972 2031 nubes,
995 1975 1032 2015 00
1047 1956 1152 2016 cadant

135 2048 166 2103 01
187 2063 224 2103 00
247 2045 394 2121 diffluant,
418 2045 556 2121 eontinet,
578 2044 663 2104 velut
681 2047 762 2103 terra
778 2063 877 2104 omnes
893 2048 1052 2120 creaturas,
1076 2064 1151 2121 quae
1164 2057 1192 2102 n]
1258 2062 1264 2075 ⁴

135 2131 167 2192 in
189 2152 224 2194 ea
246 2135 324 2206 sunt,
352 2136 508 2197 sustentat.
553 2133 666 2192 Aether
693 2135 783 2193 etiam
810 2153 864 2210 per
885 2134 984 2210 ipsum
1005 2134 1151 2194 firmatur.

136 2221 211 2282 (lum
244 2227 344 2282 autem
377 2223 422 2282 sol
453 2223 485 2281 in
516 2222 674 2283 altitudine
705 2223 883 2282 firmamenti
915 2225 982 2298 stat,
1016 2224 1094 2301 ignis
1124 2225 1151 2283 ei

135 2311 264 2372 ooonrrit
287 2314 317 2371 et
340 2313 368 2371 ei
391 2311 565 2376 famulatur.
611 2311 651 2370 Et
665 2313 711 2370 sol
726 2314 824 2372 totum
839 2313 1059 2372 firmamentum
1082 2331 1149 2372 eon·

133 2401 233 2460 firmat
255 2404 346 2477 atqua
369 2401 554 2477 splendorem
582 2419 671 2462 suum
698 2420 753 2476 per
775 2404 869 2461 totam
891 2405 1004 2462 terram
1026 2403 1150 2479 spargit,
1232 2433 1238 2451 =

133 2490 212 2548 unde
243 2491 307 2566 ipsa
339 2489 523 2550 viriditatem
558 2491 587 2548 01
619 2490 706 2548 fiores
733 2491 857 2567 profert.
902 2489 959 2550 Sed
988 2493 1061 2550 tuno
1089 2491 1150 2551 dies
1164 2502 1192 2546 25

133 2579 217 2656 longi
248 2582 325 2656 sunt,
359 2579 440 2655 quod
469 2580 514 2639 001
539 2579 571 2637 10
594 2579 753 2638 altitudine
781 2579 959 2639 firmamenti
990 2580 1092 2656 000011,
1122 2584 1152 2639 01

134 2672 228 2727 aestas
257 2670 308 2732 est
355 2667 431 2727 (lum
460 2687 530 2729 vero
562 2668 607 2727 sol
629 2669 667 2726 ad
698 2671 809 2728 terram
843 2669 1021 2742 (1001100100,
1054 2669 1152 2746 frigus

133 2761 229 2816 terrae
262 2757 299 2816 de
329 2777 407 2834 aqua
434 2758 461 2817 ei
489 2757 620 2816 ooeurrit
646 2759 677 2815 et
699 2758 797 2817 omnia
825 2757 933 2816 viridia
961 2757 1044 2817 arida
1070 2758 1151 2821 facit.

134 2847 172 2906 nt
204 2847 285 2922 quod
318 2847 363 2906 sol
394 2849 467 2906 1000
497 2865 527 2906 00
562 2847 599 2904 ad
626 2847 735 2906 terram
765 2847 931 2923 deelinarit,
964 2847 1025 2906 dies
1048 2846 1151 2908 breves

133 2938 211 3012 sunt,
235 2940 265 2995 et
286 2935 381 2994 hiems
404 2939 457 2998 est.
503 2935 590 2996 00100
613 2935 704 2994 etiam
724 2936 795 2996 solis
818 2937 849 2995 in
869 2936 965 2996 hieme
989 2937 1083 2995 maior
1107 2941 1151 2996 est
1165 2951 1191 2994 ao

135 3025 189 3084 sub
204 3027 285 3083 terra
300 3044 389 3100 quem
409 3043 500 3100 super
522 3029 641 3099 terram,
666 3025 747 3101 quod
770 3025 795 3084 si
817 3027 890 3086 tuno
913 3026 1010 3102 frigus
1032 3027 1151 3086 tantum

135 3116 211 3173 esset
232 3114 286 3173 sub
310 3119 390 3173 terra
421 3117 568 3191 qnantum
590 3131 679 3189 super
706 3117 824 3191 terram,
857 3115 906 3176 vel
936 3116 960 3174 si
987 3115 1019 3172 in
1042 3118 1151 3174 aestate

135 3203 215 3263 00100
247 3205 349 3262 tantus
380 3209 459 3264 esset
491 3203 546 3262 sub
581 3213 661 3262 terra
689 3207 822 3284 quantus
850 3207 894 3264 est
921 3207 1150 3279 superterram,

136 3292 170 3351 de
193 3291 434 3352 immoderatione
456 3293 701 3352 1010100001010
723 3293 913 3354 soinderetur.
958 3291 1015 3351 Sed
1038 3297 1068 3352 et
1083 3311 1152 3352 oum

135 3381 226 3440 hiems
256 3382 360 3440 futura
392 3382 456 3453 erit,
489 3383 646 3457 tempestas
677 3381 712 3440 de
741 3401 819 3457 aquo
841 3382 973 3441 aseendit
1000 3382 1151 3441 etlumen
1164 3393 1192 3438 05

136 3469 204 3530 00110
239 3469 425 3542 obtenebrat,
457 3469 537 3530 unde
569 3473 599 3528 et
625 3471 743 3530 obseuri
774 3471 836 3530 dies
868 3473 965 3532 erunt.
1011 3470 1050 3529 111
1084 3489 1152 3529 eum

137 3561 227 3620 aestas
258 3561 362 3620 futura
389 3561 454 3635 erit,
486 3562 676 3635 tempestates
703 3558 757 3620 sub
780 3562 890 3619 terram
923 3559 1041 3630 eadunt,
1073 3559 1151 3618 unde
