2680 3938
187 171 228 228 26
574 161 820 219 HILDEGARDIS

185 351 216 407 et
238 348 274 407 ab
300 347 461 407 acerbitate
484 365 538 406 sua
560 350 707 424 purgatae
731 349 965 423 8881818888,
989 366 1066 422 8888
1088 347 1119 408 18
1142 350 1215 408 olla

185 455 238 513 per
260 436 408 496 fervorem
430 437 508 513 ignis
530 436 717 511 purificetur.
749 434 807 495 Sed
822 439 921 495 tamen
945 455 1046 496 carnes
1068 436 1212 498 homines

186 527 311 603 pingues
344 526 459 585 faciunt
488 530 518 585 et
550 526 678 586 colorem
709 525 771 585 eius
802 525 931 602 nigrum.
978 523 1078 584 Salsae
1101 531 1210 587 autem

185 633 286 691 aquae,
302 633 406 689 88888
421 615 644 691 septentrionali
659 615 749 691 plaga
763 615 848 674 iuxta
862 615 1004 674 orientem
1017 615 1157 675 88188188
1175 621 1211 676 81

159 704 324 776 seffiuunt,
356 705 477 765 nocivae
500 707 623 764 suntet
649 708 711 764 tam
736 703 906 763 hominibus
930 722 1021 778 quam
1044 704 1208 779 pecoribus

184 795 282 868 pestes
297 793 384 852 facile
397 795 539 865 inferunt,
556 794 637 869 quod
651 793 749 854 virtus
765 792 835 852 salis
850 793 1020 852 ibinonest
1034 811 1113 871 8888,
1129 813 1207 870 quo·

185 883 265 942 niam
282 883 465 958 inpartibus
487 883 548 943 illis
570 883 740 942 immutatio
765 882 871 941 coloris
894 885 925 941 et
947 882 1068 959 frigoris
1092 886 1150 957 est3
1174 887 1209 943 et

185 972 327 1032 1188888
351 972 388 1031 81
411 972 511 1032 cibum
537 972 651 1031 88881
674 973 781 1048 potum
803 971 911 1042 valent
938 971 981 1030 ita
1009 971 1090 1048 quod
1113 973 1208 1032 etiam

184 1061 234 1121 vix
256 1062 288 1120 in
311 1066 422 1122 ceteros
444 1079 516 1120 usus
538 1061 616 1120 sumi
643 1063 777 1136 possunt.
822 1059 909 1119 Aliae
935 1078 1005 1119 vero
1028 1079 1123 1136 aquae
1145 1081 1208 1121 non
1329 1069 1330 1076 ’

144 1161 172 1206 10
185 1151 287 1227 881888,
311 1170 388 1227 8888
410 1151 446 1209 ab
471 1150 574 1209 eodem
594 1150 793 1226 septentrione
808 1149 892 1208 iuxta
908 1149 1051 1208 orientem
1067 1149 1206 1224 effluunt,
1329 1175 1330 1178 ¹

185 1240 311 1317 frigidae
336 1244 366 1299 et
388 1239 477 1299 utiles
504 1242 582 1315 sunt,
606 1240 686 1314 quod
710 1240 747 1299 ab
771 1239 921 1314 caraille,
954 1238 1007 1313 qui
1029 1238 1065 1298 de
1088 1241 1206 1300 oriente

185 1330 247 1401 flat,
271 1330 492 1404 aliquantulum
515 1331 692 1406 tanguntur3
716 1329 769 1404 881
784 1346 871 1387 sanus
894 1330 947 1402 est,
971 1328 1112 1404 quoniam
1129 1332 1205 1389 tem·

185 1421 306 1492 paratus
338 1421 390 1493 881,
420 1418 464 1477 118
496 1418 576 1494 8881
608 1437 661 1478 888
690 1419 821 1476 multum
853 1416 964 1476 calidus
991 1436 1044 1477 888
1072 1419 1205 1478 multum

185 1506 313 1584 frigidus
336 1508 388 1566 est.
433 1507 473 1567 Et
495 1526 544 1566 aer
566 1508 623 1567 iste
645 1508 723 1566 inter
749 1509 863 1566 montes
885 1506 954 1565 illos
976 1506 1037 1582 flat,
1065 1507 1118 1582 qui
1140 1507 1205 1568 11118

144 1607 171 1650 15
185 1595 222 1654 81
243 1595 328 1654 181118
348 1596 439 1672 positi
462 1600 539 1672 sunt,
563 1602 593 1656 et
608 1601 653 1656 est
668 1596 754 1672 quasi
768 1615 864 1672 penne
879 1596 915 1654 de
930 1598 1010 1655 terra
1026 1595 1203 1669 virentium,

183 1684 262 1744 unde
287 1685 377 1744 etiem
400 1686 458 1744 alio
482 1704 548 1745 aere
570 1686 716 1746 salubrior
739 1688 769 1744 81
792 1685 891 1744 sanior
914 1687 967 1746 est.
996 1685 1035 1744 Et
1058 1685 1094 1745 de
1118 1687 1204 1762 aquis

182 1774 255 1850 istis,
290 1793 365 1851 quae
388 1774 436 1834 hio
459 1775 605 1850 oriuntur,
634 1774 756 1850 quidam
778 1775 870 1833 rivuli
901 1777 932 1833 et
954 1774 1050 1834 fontes
1074 1775 1202 1834 educun-

182 1867 241 1939 tur,
266 1864 318 1939 qui
340 1863 425 1924 velut
439 1864 509 1940 puri
524 1867 602 1940 sunt,
625 1863 675 1923 sed
691 1867 790 1923 tamen
811 1863 998 1939 aliquantum
1021 1863 1144 1940 turbidi,
1168 1867 1200 1924 et

183 1953 313 2011 ahenum
347 1955 469 2030 gustum
503 1972 597 2029 88888
627 1956 738 2025 188881,
771 1954 814 2012 118
845 1952 928 2028 8881
957 1955 1010 2012 881
1037 1953 1199 2012 secundum

141 2051 170 2098 88
183 2043 286 2101 vinum
309 2045 362 2100 881
384 2042 546 2102 secundum
568 2042 661 2101 alium
676 2042 799 2101 modum
814 2059 949 2118 saporem
964 2041 1079 2102 habent.
1117 2042 1199 2113 Quae

183 2149 276 2206 aquae
299 2131 449 2190 interdum
477 2130 671 2208 hydropicam
699 2134 812 2207 pestem
836 2131 1035 2207 comprimunt
1058 2135 1195 2207 818888-

181 2220 270 2295 lysim
293 2224 491 2294 compescunt,
514 2220 539 2278 ei
562 2238 610 2279 888
625 2220 761 2296 biberint,
784 2219 837 2295 qui
852 2220 899 2279 his
914 2220 1001 2280 malie
1024 2221 1198 2298 fatigantur,

183 2308 322 2384 quoniam
345 2314 452 2368 natura
474 2328 620 2385 aquarum
643 2309 769 2368 istarum
794 2309 906 2369 resistit
924 2311 1048 2369 naturae
1073 2310 1195 2370 alterius

184 2416 277 2472 aquae
301 2400 331 2457 et
354 2397 444 2457 etiam
467 2401 591 2457 naturae
606 2401 703 2458 rectae
718 2417 820 2474 aquae.
850 2399 890 2457 ut
905 2399 978 2458 alias
994 2417 1094 2474 aquas,
1115 2399 1197 2458 iuxta

142 2497 170 2542 25
184 2505 258 2562 quas
289 2486 403 2563 fluunt,
438 2487 646 2564 constringunt
682 2490 712 2547 et
745 2491 886 2564 superent
919 2491 1042 2564 propter
1076 2507 1196 2548 acumen

181 2580 304 2636 naturae
328 2595 410 2649 suae;
434 2576 484 2636 sed
508 2576 544 2634 ad
568 2577 666 2636 cibum
690 2580 719 2637 et
738 2579 844 2652 potum
867 2580 896 2637 et
918 2577 956 2637 ad
979 2576 1084 2637 balnea
1106 2580 1194 2654 etque

181 2664 218 2722 ad
240 2665 401 2725 lavandum
416 2665 506 2725 utiles
521 2685 581 2725 non
602 2671 679 2742 8881,
703 2667 846 2742 quoniam
861 2669 972 2726 ceteras
987 2685 1082 2747 aquas
1098 2667 1192 2743 depri-

181 2755 274 2816 munt.
320 2753 375 2814 Sed
398 2756 490 2814 salsae
517 2774 619 2832 aquae,
654 2775 730 2830 quea
754 2757 838 2832 quasi
867 2757 905 2815 ad
928 2755 1059 2815 medium
1083 2759 1193 2832 septen·

180 2842 316 2902 trioualis
339 2844 444 2920 plagae
467 2845 605 2904 oriuntur
627 2848 658 2904 81
680 2845 818 2917 effluunt,
847 2845 941 2904 bonae
964 2847 994 2904 et
1016 2845 1105 2904 utiles
1127 2849 1193 2906 8881

139 2934 243 2990 sotem
272 2931 428 3008 pecoribus
460 2952 551 3008 quam
578 2934 754 3010 hominibus,
783 2935 894 2994 scilicet
922 2935 959 2993 ad
983 2933 1083 2994 cibum
1106 2935 1192 2994 8181

180 3023 287 3095 potum
320 3025 409 3096 atque
432 3022 469 3080 ad
491 3023 622 3099 reliquos
649 3042 722 3084 usus
744 3023 906 3094 hominum,
935 3023 1007 3098 quia
1029 3023 1060 3082 18
1084 3026 1191 3100 tempe·

180 3111 247 3168 rato
280 3129 346 3169 aere
377 3130 430 3170 nec
456 3111 545 3172 nimis
573 3112 668 3172 calido
701 3131 755 3172 nec
782 3113 869 3172 nimis
896 3112 1008 3189 frigido
1035 3116 1113 3173 sunt
1156 3113 1192 3173 st

181 3199 270 3258 etiam
293 3200 324 3258 in
347 3201 422 3275 potu
444 3205 579 3277 sumptae
602 3202 751 3261 hominem
773 3202 899 3260 interius
923 3202 1039 3261 amalis
1063 3202 1188 3262 humori·

180 3287 236 3347 bus
263 3293 404 3366 purgant.
448 3289 586 3350 Flumina
620 3294 721 3350 eutem
750 3309 809 3350 non
838 3291 913 3350 88188
944 3293 973 3349 81
1003 3291 1135 3351 viventes
1165 3294 1190 3351 et

139 3387 167 3433 35
180 3377 316 3438 salientes
339 3381 369 3438 et
390 3397 449 3438 non
471 3380 540 3439 salsi
562 3380 677 3456 fontes,
702 3381 756 3456 qui
779 3379 866 3438 etiam
894 3379 979 3455 88881
1003 3380 1040 3438 81
1063 3381 1187 3440 medium

181 3467 310 3527 eiusdem
340 3468 576 3544 septentrionalis
604 3469 710 3546 plagae
740 3468 878 3527 88188188
905 3473 937 3528 81
959 3469 1095 3542 effluunt,
1124 3470 1188 3546 puri

179 3560 249 3616 suut
280 3560 311 3617 81
343 3557 540 3618 cristallinum
573 3557 701 3617 colorem
728 3556 838 3616 habent
865 3557 961 3617 ferreo
985 3558 1082 3618 colore
1104 3559 1187 3618 inter·
