2668 3924
199 194 261 255 172
583 184 830 242 morannum

196 373 248 432 isti
271 372 307 432 de
329 376 411 430 terra
433 373 511 446 sunt,
534 371 615 430 ealor
636 370 743 430 ruthae
766 373 797 430 et
819 371 899 430 oalor
921 371 1017 430 mellis
1032 390 1102 430 eum
1117 373 1215 432 ealore

195 462 267 536 vini,
282 461 335 538 qui
350 479 471 520 suenum
486 478 575 519 suum
590 459 627 518 de
642 465 722 519 terre
736 459 836 532 traxit,
849 459 891 519 eis
902 464 1038 536 prosunt,
1051 480 1120 520 oum
1136 461 1214 520 miea

196 551 280 627 panis
295 550 367 627 ipsis
384 549 557 624 imponitur,
577 567 653 625 quae
669 549 759 608 etiem
774 548 853 608 vires
867 567 936 607 snas
953 549 989 608 de
1010 553 1092 608 terra
1114 549 1215 614 habet.

263 640 311 698 De
334 639 484 698 oratorem
506 638 653 713 albugine.
694 631 757 718 1)Si
779 639 847 712 quis
869 638 1041 715 albuginem
1064 639 1096 697 in
1118 640 1215 699 oeulis

171 728 322 804 opatitur‚
357 747 426 787 oum
448 727 550 786 eadem
572 727 682 804 albugo
705 745 804 786 reeens
836 731 889 802 est,
923 746 1023 788 reeens
1054 728 1096 787 fel
1128 727 1215 790 bovis

196 817 323 892 aooipiat
346 821 376 877 et
398 817 440 875 ita
463 819 595 876 reeenter
618 816 712 875 oeulis
734 815 795 875 suis
817 816 849 874 in
871 820 957 876 noete
979 820 1163 893 superponat
1185 821 1217 876 at

197 907 338 984 ligamine
360 905 452 982 panni
474 904 557 982 liget,
579 923 616 964 ne
639 904 766 981 labetur,
790 908 820 964 at
835 905 877 964 sie
891 924 946 981 per
960 906 1098 966 triduum
1113 905 1214 977 faeiat,

197 995 279 1072 quod
306 994 474 1054 amaritudo
503 994 634 1053 eiusdem
661 994 738 1053 fellis
766 994 896 1054 dolorem
930 994 1009 1054 huno
1042 995 1152 1054 seindit
1184 999 1216 1054 et

198 1085 304 1148 aufert.
350 1083 408 1143 Sed
430 1087 529 1142 tamen
556 1083 670 1143 modies
703 1083 802 1155 faeiat,
836 1102 873 1142 ne
907 1084 976 1143 inde
1010 1083 1154 1157 laedatur,
1189 1086 1216 1144 si

158 1183 185 1227 10
197 1193 288 1250 supra
311 1173 434 1232 modum
456 1172 513 1232 hoo
535 1172 648 1236 feeerit.
693 1171 765 1232 Post
785 1171 922 1232 triduum
945 1176 1044 1233 autem
1059 1173 1216 1250 fenugrae-

196 1282 264 1323 oum
280 1266 381 1321 sumat
395 1264 425 1321 et
440 1265 540 1321 roseto
557 1263 623 1321 oleo
639 1261 793 1336 immittet,
810 1264 841 1334 et
855 1262 899 1320 ita
914 1263 1009 1321 oeulis
1024 1266 1215 1339 superponat,

197 1352 339 1429 quoniam
360 1351 418 1410 hoo
440 1351 561 1429 suavius
577 1354 631 1424 est,
654 1353 684 1410 et
698 1368 795 1427 panno
815 1351 898 1427 liget,
922 1352 995 1427 quia
1010 1353 1101 1412 etiam
1116 1353 1215 1412 suavis

196 1440 345 1518 frigiditas
377 1441 547 1516 fenugraeei
574 1459 643 1499 eum
665 1440 750 1500 suavi
777 1442 1008 1514 temperamento
1036 1442 1130 1500 roseti
1155 1442 1213 1500 olei

198 1529 319 1588 eandem
335 1529 503 1606 albuginem
519 1547 588 1587 eum
602 1529 737 1605 praefato
753 1529 822 1588 felle
837 1528 956 1589 seissam
972 1531 1094 1590 suerius
1105 1530 1214 1590 aufert

158 1627 184 1672 ιι
264 1618 310 1678 De
333 1619 485 1678 oratoriam
507 1618 651 1678 leuioris.
691 1616 723 1677 Si
739 1617 807 1694 quis
822 1617 977 1679 humentes
993 1620 1103 1691 oeulos,
1128 1620 1215 1696 qnasi

197 1707 397 1782 lacrimantur,
419 1707 523 1779 habet,
554 1708 663 1765 folium
686 1707 722 1766 de
743 1707 812 1781 fieu,
845 1707 926 1783 quod
948 1711 1034 1768 noete
1056 1726 1124 1767 rore
1147 1728 1214 1785 per·

198 1797 301 1856 fusum
334 1799 390 1872 est,
424 1798 520 1871 tollat,
555 1814 624 1855 oum
657 1797 734 1856 illud
757 1797 802 1855 sol
830 1797 862 1854 in
884 1798 1053 1856 ramusculo
1077 1815 1131 1857 suo
1155 1799 1214 1856 iam

199 1887 340 1962 ealefacit,
365 1889 395 1945 et
417 1886 460 1944 ita
483 1885 612 1944 calidum
636 1886 729 1944 oeulis
753 1885 814 1944 ruis
838 1885 875 1943 ad
898 1885 1142 1961 oompeseendum
1158 1887 1213 1945 hu·

198 1995 309 2035 morem
342 1979 531 2050 superponet,
566 1993 662 2050 usque
694 1975 767 2033 dum
799 1975 832 2032 in
854 1993 888 2034 eo
911 1974 1026 2034 modies
1048 1976 1213 2036 inealesoat
1328 1991 1329 1998 ³

158 2072 186 2118 ιο
199 2063 285 2134 Quod
307 2065 333 2122 si
355 2064 462 2123 folium
484 2064 558 2123 fieus
581 2082 638 2123 uon
661 2063 813 2135 habuerit,
838 2064 946 2122 folium
975 2064 1011 2123 de
1034 2065 1115 2124 erlem
1138 2066 1213 2124 eooi-

198 2153 263 2229 piat
285 2153 409 2212 etitem
433 2157 578 2213 nocturno
601 2171 669 2212 rore
691 2153 848 2228 perfusum
870 2171 904 2212 ao
926 2155 1030 2228 postea
1044 2153 1128 2213 radio
1143 2156 1214 2214 solis

199 2242 374 2301 ealefaetum
397 2242 492 2301 oeulis
514 2243 583 2315 suis,
607 2246 643 2301 ut
664 2241 851 2318 praedictum
873 2248 926 2316 est,
954 2245 1096 2319 apponat,
1121 2248 1151 2303 et
1174 2244 1215 2303 aio

198 2349 258 2390 non
274 2331 354 2390 omni
370 2330 417 2389 die
433 2331 531 2400 faeiat,
545 2330 595 2390 sed
611 2332 700 2389 tertia
716 2329 763 2389 die
779 2334 809 2390 et
823 2331 912 2390 semel
927 2334 1047 2390 tantum
1061 2351 1116 2407 per
1127 2332 1215 2391 diem

197 2418 230 2478 Si
253 2421 353 2478 autem
376 2420 449 2479 folia
470 2421 542 2479 haee
557 2438 616 2479 non
631 2419 778 2496 hebuerit,
803 2412 951 2496 ²)gummi
971 2420 1008 2480 de
1027 2421 1145 2496 persico
1166 2422 1213 2480 vel

158 2519 187 2563 25
201 2508 238 2568 de
260 2510 345 2586 prino
369 2509 495 2585 aeeipiat
518 2511 549 2567 et
569 2512 663 2569 testae
686 2509 770 2568 nueis
792 2508 907 2568 modiee
921 2509 1076 2584 imprimat
1095 2529 1130 2569 eo
1150 2529 1212 2569 eam

200 2599 242 2658 sie
265 2598 303 2657 ad
326 2599 455 2675 ignitum
478 2599 601 2657 laterem
624 2599 672 2657 vel
695 2598 733 2656 ed
756 2598 883 2675 ignitam
907 2599 1091 2658 ateiensem
1114 2600 1213 2659 forna-

198 2707 261 2747 eem
283 2687 397 2747 modioe
420 2688 590 2747 ealefaotam
614 2688 707 2747 oeulis
724 2687 937 2763 eireumponet‚
961 2686 1034 2746 dum
1048 2688 1213 2749 inouleseat

196 2777 236 2834 Et
262 2776 317 2835 hoe
345 2795 458 2853 semper
490 2781 598 2853 quarta
628 2776 676 2836 die
706 2777 798 2836 faeiat
828 2781 859 2836 et
889 2777 1022 2836 semel
1013 2797 1045 2851 m
1083 2777 1141 2850 die,
1178 2796 1212 2836 ne

199 2866 265 2939 <si>
290 2883 381 2967 supra
409 2866 572 2940 (modum)
600 2866 711 2941 feeerit,
735 2866 888 2925 madentes
908 2867 1009 2925 oeulos
1024 2867 1093 2942 plus
1116 2866 1214 2925 laedet

156 2963 289 3030 aequam
318 2955 359 3014 eis
387 2958 550 3014 succurrat
595 2953 671 3014 Nem
699 2955 778 3015 ealor
808 2954 881 3014 fieus
908 2959 939 3014 et
960 2954 1110 3032 frigiditas
1134 2957 1214 3016 eree

197 3044 320 3102 naturae
335 3043 424 3102 huius
446 3047 524 3116 sunt,
549 3043 630 3120 quod
644 3043 854 3103 humiditatem
869 3045 907 3103 ad
922 3043 1100 3107 retrahunt
1137 3045 1213 3104 Rore

199 3135 299 3192 autem
333 3133 559 3209 perfundantur,
593 3137 630 3193 ut
663 3133 812 3194 suavitate
846 3134 909 3193 eius
941 3132 1078 3192 viriditas
1109 3152 1212 3193 eorum

198 3223 389 3298 temperatim,
413 3226 444 3281 et
466 3223 557 3282 etiam
580 3223 676 3281 oalore
698 3223 777 3294 solis,
809 3224 862 3298 qui
892 3240 1014 3282 sneeum
1046 3241 1152 3281 eorum
1175 3222 1211 3280 ad

198 3310 349 3370 lenitatem
376 3312 483 3388 trehit,
516 3331 552 3371 na
584 3312 685 3371 oeulos
718 3310 826 3373 laedat.
883 3310 939 3370 Sed
968 3315 998 3370 et
1026 3313 1143 3387 gummi
1177 3311 1210 3370 de

201 3435 411 3442 ——m—

203 3517 619 3645 12221)Bv.0e-11=mge0
645 3517 862 3587 rasso-2)
885 3517 1088 3572 v.‘24-as=
1115 3518 1211 3588 mgna
