2662 3932
369 149 513 205 CAUSAE
531 150 578 205 ΕΤ
596 150 718 206 cultas
735 151 802 206 LIB.
822 152 858 206 Π.
1056 159 1119 218 149

103 333 229 392 modurn
263 333 467 393 delectationis
499 334 594 392 carnis
616 336 733 392 mutata
755 337 808 404 cst,
832 335 876 394 ita
899 336 989 395 etiam
1012 338 1043 395 et
1064 357 1121 396 vox

102 423 293 498 superiorum
317 423 506 498 gaudiorum,
529 442 621 499 quam
641 421 721 480 idem
735 422 834 482 Adam
849 424 984 500 habebat,
1008 425 1039 483 in
1054 444 1121 486 con-

101 512 232 570 trarinm
254 511 376 570 modurn
397 512 475 570 risus
503 515 533 570 et
562 511 772 572 cachinnorum
802 531 887 572 versa
918 517 971 574 est
1016 514 1121 591 Inepta

102 602 182 660 enim
205 601 322 660 laetitia
343 605 373 658 et
394 601 472 660 risus
494 601 579 660 velut
601 601 751 677 quandam
773 602 945 662 societatem
967 603 1005 661 ad
1027 604 1120 664 delec-

101 691 248 749 tationem
271 690 366 748 carnis
387 690 505 759 habent,
528 692 559 748 et
581 689 647 748 ideo
671 693 776 750 ventus
798 690 859 766 ille,
882 693 936 767 qui
951 693 1045 752 risum
1058 705 1148 753 sus-5

102 778 184 853 citat,
210 779 247 836 de
270 779 402 836 medulla
424 777 550 838 hominis
578 779 677 838 exiens
703 779 801 838 femur
832 780 896 839 eius
923 783 954 839 et
979 781 1121 841 interiora

101 868 245 930 concutit
305 866 351 926 Ac
390 867 541 927 interdum
582 887 653 943 prae
689 869 782 926 nimia
818 871 1005 929 concussione
1042 871 1120 930 risus

101 976 213 1033 aquam
250 956 442 1015 lacrimarum
478 958 522 1015 de·
557 958 701 1034 sangnine
742 969 885 1016 venarum
926 959 1019 1018 oculis
1064 959 1121 1019 hoc

100 1047 192 1105 modo
216 1045 325 1120 educit,
348 1046 597 1121 quemadmodum
620 1047 708 1106 etiam
728 1065 835 1124 spuma
853 1048 970 1106 seminis
992 1047 1120 1108 heminis

102 1134 266 1212 aliquando
288 1133 324 1193 de
347 1135 490 1210 sangnine
511 1154 655 1194 venarum
677 1155 731 1212 per
754 1136 889 1196 ardorem
916 1137 1119 1197 delectationis
1133 1149 1161 1194 10

101 1225 264 1286 excutitur.

169 1314 217 1373 De
239 1313 354 1372 laetitia
376 1317 404 1372 et
424 1315 500 1375 risa.
545 1312 621 1372 (lum
644 1315 721 1372 enim
745 1314 868 1374 scientia
890 1317 1003 1374 animae
1025 1315 1119 1375 homi·

100 1403 148 1462 nis
171 1403 249 1461 nihil
272 1401 414 1460 tristitiae
437 1406 468 1461 et
489 1401 563 1461 nihil
587 1403 704 1462 adversi
726 1406 757 1462 et
779 1403 853 1462 nihil
869 1405 940 1463 mali
955 1405 986 1463 in
1000 1401 1119 1464 homine

101 1493 204 1560 sentit,
231 1494 304 1551 tunc
334 1509 384 1550 cor
410 1491 541 1551 eiusdem
568 1490 696 1551 hominis
723 1493 761 1550 ad
787 1492 935 1552 laetitiam
961 1513 992 1554 se
1014 1496 1118 1570 aperit,

100 1585 138 1639 ut
160 1581 248 1640 flores
270 1581 308 1638 ad
330 1581 457 1639 calorem
479 1582 550 1640 solis
572 1599 603 1640 se
626 1582 776 1657 aperiunt,
805 1585 836 1641 et
857 1601 925 1641 mox
947 1585 1030 1643 iecur
1051 1595 1159 1643 ean-15

101 1671 171 1728 dem
193 1669 340 1730 laetitiam
361 1670 468 1745 recipit
490 1688 524 1729 ac
546 1689 610 1728 eam
632 1671 664 1728 in
686 1688 717 1730 se
738 1671 860 1742 retinet,
887 1675 924 1729 ut
950 1672 1119 1732 stomachus

101 1758 201 1819 cibum
237 1759 269 1816 in
302 1777 333 1818 se
366 1761 506 1820 continet.
550 1759 591 1818 llt
619 1777 688 1818 cum
715 1759 757 1818 sic
783 1759 872 1819 homo
899 1764 952 1819 aut
974 1762 1010 1820 de
1033 1762 1118 1821 bouis

102 1851 159 1906 aut
179 1848 217 1907 de
239 1849 334 1918 malis,
358 1848 514 1924 quaesibi
536 1849 664 1925 placent,
692 1849 829 1923 laetatur,
852 1851 924 1908 tunc
947 1849 1118 1925 praedictus

100 1940 212 1996 ventus
243 1937 394 1996 interdum
423 1957 458 1996 ex
488 1937 620 1996 medulla
642 1939 740 1997 exiens
762 1937 861 1997 femur
883 1938 965 1998 illius
986 1938 1118 2015 primum

100 2028 202 2104 tangit
236 2028 267 2085 et
299 2027 343 2085 ita
370 2027 454 2102 splen
482 2030 610 2103 occupat
631 2031 722 2103 atque
744 2045 833 2086 venas
856 2027 987 2086 eiusdem
1009 2028 1159 2104 spleniato

99 2117 208 2192 implet
230 2119 261 2176 et
284 2133 315 2175 aa
337 2115 375 2173 ad
397 2135 448 2176 cor
470 2116 602 2176 extendit
623 2119 654 2175 et
676 2117 759 2176 iecur
779 2116 876 2191 replet
897 2135 931 2175 ac
952 2117 997 2178 ita
1020 2117 1115 2177 homi·

93 2217 168 2264 nem
191 2204 289 2263 ridere
311 2204 384 2264 facit
406 2209 497 2282 atque
519 2223 621 2264 vocem
648 2205 712 2264 eius
734 2205 862 2264 similem
884 2207 950 2266 voci
976 2225 1118 2281 pecorum

100 2295 133 2352 in
155 2294 305 2354 cachinnis
328 2295 439 2357 educit.
481 2293 580 2354 Homo
601 2298 702 2354 autem
728 2294 787 2369 ille,
811 2295 864 2370 qui
886 2296 1117 2372 cogitationibus

99 2384 162 2442 suis
184 2384 270 2442 velut
291 2386 397 2442 ventus
418 2383 474 2442 hac
496 2386 527 2442 et
553 2384 623 2442 illac
650 2383 737 2444 facile
764 2384 924 2460 proicitur,
951 2385 1033 2460 splen
1062 2386 1114 2443 ali-

102 2477 250 2548 quantum
282 2491 412 2532 crassum
443 2471 532 2532 habet
562 2475 593 2530 et
622 2472 689 2532 ideo
719 2474 803 2532 facile
825 2473 955 2532 laetatur
977 2479 1007 2532 et
1029 2474 1116 2533 facila
1129 2482 1157 2527 25

101 2562 187 2622 ridet.
232 2561 289 2621 Sed
323 2564 355 2620 et
388 2562 637 2638 quemadmodum
666 2562 791 2622 tristitia
824 2564 855 2620 et
888 2563 934 2621 ira
966 2562 1116 2621 hominem

102 2651 241 2710 debilitat
263 2655 294 2709 et
316 2650 433 2710 aridum
460 2650 539 2722 facit,
569 2651 612 2711 sic
638 2651 729 2709 etiam
751 2652 912 2710 immensus
933 2650 1011 2710 risus
1033 2651 1116 2726 splen

99 2741 239 2800 vulnerat
261 2742 291 2799 et
312 2739 498 2799 stomachum
519 2741 629 2816 fatigat
652 2744 682 2798 et
704 2741 735 2798 in
758 2740 889 2799 motione
909 2759 963 2799 sua
977 2741 1117 2800 humores

99 2829 209 2889 iniuste
232 2829 398 2889 discurrere
420 2831 501 2891 facit

165 2919 212 2978 Dc
233 2919 425 2994 pinpuedtce.
471 2917 504 2977 Si
537 2919 605 2994 quis
635 2918 723 2978 homo
754 2937 855 2978 carnes
883 2921 914 2978 et
940 2919 1012 2978 alias
1035 2937 1114 2978 escas
1128 2931 1156 2974 ao

100 3026 193 3084 supra
215 3008 338 3066 modum
359 3007 487 3084 pingues
514 3010 568 3066 aut
590 3009 668 3066 ullos
691 3008 771 3067 cibos
793 3026 884 3084 supra
906 3008 1027 3066 modum
1049 3026 1113 3068 san·

99 3098 191 3174 guina
206 3097 409 3173 impinguatos
425 3097 559 3172 comedit,
582 3097 685 3173 potius
701 3116 736 3156 ex
751 3097 793 3155 eis
808 3097 1010 3156 infirmitatem
1026 3116 1115 3173 quam

100 3187 256 3246 sanitatem
287 3186 427 3260 incurrit,
460 3185 542 3262 quod
573 3187 623 3245 isti
650 3187 710 3245 cibi
737 3205 829 3261 supra
855 3187 978 3244 modum
1005 3187 1112 3262 impin·

99 3277 186 3352 gnati
208 3276 247 3333 ad
269 3278 380 3334 rectam
402 3279 434 3334 et
455 3276 491 3334 ad
507 3275 657 3334 salubrem
673 3275 866 3352 digestionem
881 3294 952 3350 prae
972 3274 1114 3334 nimiast

98 3365 215 3424 lubrica
238 3363 424 3435 humiditate,
448 3383 524 3441 quae
547 3365 578 3422 in
600 3365 672 3441 ipsis
695 3369 748 3434 est,
770 3365 801 3422 in
821 3363 971 3424 stomacho
986 3363 1113 3423 hominis
1126 3371 1154 3418 ³5

98 3472 247 3513 remanere
269 3472 328 3513 non
350 3458 483 3528 possunt.
520 3453 560 3512 Et
582 3454 650 3512 ideo
672 3453 760 3513 homo
783 3456 862 3512 recte
885 3455 1063 3528 temperatas
1082 3453 1114 3510 in

99 3542 279 3620 pinguedine
309 3560 407 3602 carnes
439 3546 469 3601 et
499 3546 577 3603 recte
608 3545 785 3618 temperatos
813 3542 845 3600 in
868 3543 1010 3617 sanguine
1032 3541 1113 3600 cibos
