2668 3924
384 201 526 258 OAUSAE
544 204 591 257 ET
610 203 733 258 CURAll
750 205 818 258 LIB.
837 205 884 258 III.
1083 210 1146 269 179

130 387 284 446 modicum
307 387 419 446 farinae
442 387 555 446 similae
579 388 704 465 accipiat
732 391 763 447 et
790 407 856 448 cum
881 389 975 448 succis
996 389 1063 448 istis
1085 392 1145 448 tor-

131 478 220 536 tellos
244 475 281 534 ad
303 476 495 538 latitudinem
516 477 631 535 nummi
653 478 702 536 sed
726 478 912 553 aliquantum
935 479 1043 553 spissos
1058 478 1149 537 faciat

131 571 163 626 et
186 583 236 624 eos
259 565 296 624 ad
319 567 411 626 solem
434 566 482 630 vel
505 565 536 623 in
556 567 673 625 fornace
689 567 748 624 iam
764 568 825 626 fere
841 567 1016 643 infrigidata
1032 570 1148 644 coquat.

130 657 171 715 Et
193 655 358 727 homoide,
382 655 436 732 qui
458 673 548 731 supra
570 655 649 715 dicto
673 657 761 714 modo
784 656 961 732 infirmatur,
985 657 1010 714 si
1024 657 1148 716 interius

131 744 245 804 calidus
268 747 325 817 est,
348 746 392 804 ita
415 744 496 819 quod
518 745 600 804 cibus
622 744 654 802 in
677 763 711 804 eo
735 748 854 804 exustus
878 749 929 816 est,
960 744 996 802 de
1018 746 1064 804 his
1087 749 1176 805 tor-5

129 834 239 892 tellum
260 853 355 892 unum
378 834 409 891 in
433 853 518 892 mana
549 833 608 892 diei
639 835 755 892 ieiunus
777 837 883 908 sumat,
906 835 955 893 vel
976 834 1001 893 si
1023 835 1148 894 interius

131 923 260 1000 frigidus
291 927 342 997 est,
376 923 419 982 ita
452 921 532 998 quod
556 927 701 982 comestus
725 923 808 982 cibus
829 924 860 982 in
885 941 918 982 eo
942 943 1014 998 prae
1037 924 1148 999 frigore

132 1011 309 1088 congelatur
333 1015 363 1070 et
397 1030 581 1086 compressus
612 1015 664 1084 cst,
698 1012 771 1072 duos
802 1017 855 1072 aut
877 1015 937 1071 tres
959 1013 1096 1072 tortellos
1118 1013 1148 1070 in

93 1125 95 1130 ·
131 1120 215 1160 mane
243 1101 361 1160 ieiunus
395 1101 527 1176 accipiat.
572 1101 612 1159 Et
645 1101 736 1172 cibus,
772 1102 1014 1178 quamprimum
1046 1105 1149 1177 postea

132 1189 268 1260 comedit,
291 1190 339 1248 ius
361 1190 410 1249 vel
433 1189 624 1248 sobriuncula
645 1191 692 1258 sit,
726 1194 756 1249 et
779 1191 882 1250 deinde
910 1191 983 1250 alios
1004 1189 1095 1249 bonos
1118 1194 1189 1249 et10

131 1297 237 1339 suaves
261 1278 342 1338 eibos
366 1279 509 1338 comedat.
554 1278 594 1337 Et
617 1280 659 1338 sio
680 1282 743 1338 tam
766 1280 819 1338 diu
841 1279 938 1354 faciat,
970 1280 1042 1338 dnm
1065 1298 1095 1338 ae
1117 1280 1148 1338 in

131 1367 284 1428 stomacho
308 1369 469 1426 liberatum
492 1369 609 1430 sentiat.
654 1365 727 1426 Nam
743 1369 824 1427 calor
839 1369 1027 1446 aristologiae
1043 1369 1148 1445 longae

131 1458 318 1534 aliquantum
341 1461 445 1516 acutus
469 1460 499 1516 et
521 1457 708 1532 aliquantum
724 1457 810 1517 fortis
826 1459 964 1518 exsistens
980 1476 1048 1517 cum
1062 1459 1146 1535 frigi·

130 1547 225 1605 ditate
248 1545 406 1605 bibinellae
429 1549 611 1622 temperatus
633 1565 739 1622 pravos
763 1547 902 1607 humores
930 1549 1096 1608 commovet
1117 1547 1148 1605 in

129 1636 258 1710 homine,
291 1639 321 1695 et
352 1635 431 1694 calor
454 1635 588 1694 zinziberi
613 1653 661 1694 eos
691 1637 790 1706 solvit,
826 1637 876 1695 sed
899 1637 1051 1713 frigiditas
1073 1637 1145 1695 cito·
1162 1645 1188 1689 15

130 1727 227 1784 oaaiae
252 1743 301 1784 eos
324 1727 445 1800 repente
468 1724 575 1797 educit,
606 1725 702 1782 farina
736 1728 835 1783 autam
862 1725 976 1784 similae
1000 1725 1149 1784 confortat

129 1813 324 1888 stomachum,
351 1832 388 1871 ne
411 1813 447 1872 ab
475 1813 521 1872 his
552 1814 697 1889 laedatur.
742 1815 782 1872 Et
804 1833 872 1872 eum
894 1813 966 1873 haec
989 1813 1088 1873 omnia
1111 1815 1148 1872 ad

129 1904 233 1978 solem,
257 1903 342 1961 cuius
366 1903 447 1961 calor
469 1903 558 1962 fortis
581 1905 632 1977 est,
664 1903 712 1962 vel
736 1903 773 1961 ad
797 1903 969 1963 calefactam
990 1903 1146 1976 fornacem,

128 1993 215 2052 cuins
239 1992 320 2050 calor
342 2010 429 2050 sanus
452 1995 505 2062 est,
537 1995 742 2067 excoquuntur
773 1995 804 2050 et
826 1991 939 2051 dolenti
960 1992 1082 2066 homini,
1112 1994 1148 2049 ut

128 2081 300 2158 praefatum
323 2084 375 2151 est,
405 2081 522 2155 dantur,
551 2081 735 2140 stomachum
757 2082 820 2140 eius
842 2085 982 2158 purgant,
1005 2084 1041 2139 ut
1062 2099 1144 2156 prae·
1158 2088 1187 2133 2⁰

128 2171 245 2232 dictum
267 2173 320 2230 est.
365 2170 506 2245 †Accipe
528 2169 654 2228 zinziber
687 2174 717 2229 et
747 2171 899 2246 pulveriza
926 2171 1004 2229 illud
1027 2172 1146 2229 etcum

127 2259 246 2320 modico
277 2277 364 2319 succo
392 2258 508 2330 herbae,
544 2277 619 2334 quae
645 2260 748 2334 rtzylc
773 2260 892 2335 dicitur,
924 2259 1080 2319 commisce
1114 2279 1148 2318 ac

127 2353 203 2409 tuno
226 2348 262 2406 de
285 2349 407 2424 pulvere
431 2349 489 2406 isto
513 2367 581 2407 cum
604 2348 718 2407 modica
741 2349 870 2407 farinula
892 2349 977 2408 fabae
1008 2349 1055 2407 fac
1086 2351 1149 2406 tor-⁴

128 2439 218 2498 telles
242 2441 272 2496 et
296 2437 398 2496 cosin
422 2438 550 2512 fornace,
575 2457 651 2513 quae
674 2437 733 2496 iam
758 2457 775 2495 a
798 2439 893 2497 calore
915 2438 993 2515 ignis
1015 2438 1144 2512 aliquan·

126 2533 196 2587 tum
220 2527 351 2601 cessavit,
375 2544 468 2602 coque
491 2529 521 2585 et
544 2527 585 2586 sic
600 2527 737 2586 tortellos
752 2527 824 2586 istos
839 2529 901 2585 tam
916 2545 1041 2602 pransus
1057 2545 1146 2602 quam
1159 2533 1187 2579 25

127 2617 247 2676 ieiunus
271 2616 400 2675 comede.

198 2704 244 2764 Dc
266 2706 345 2778 effac
367 2708 505 2778 ruptura.
543 2703 575 2762 Si
597 2705 628 2762 in
651 2704 751 2780 aliquo
774 2704 894 2763 homine
916 2703 1040 2763 interior
1062 2704 1145 2780 pelli·

128 2795 206 2864 cula,
232 2794 263 2851 in
286 2813 347 2870 qua
369 2793 508 2854 intestina
530 2793 629 2852 clausa
651 2796 733 2868 sunt,
768 2793 867 2868 aliquo
901 2812 969 2853 casu
992 2793 1144 2865 scinditur,

127 2884 180 2942 ille
213 2884 296 2942 ebech
327 2883 452 2958 accipiat
484 2885 514 2942 et
544 2881 589 2940 bis
612 2886 729 2942 tantum
753 2883 789 2941 de
812 2883 961 2942 consolida
984 2883 1094 2941 maiore
1117 2887 1147 2941 et

128 2972 236 3031 herbas
258 2975 290 3030 in
312 2973 389 3032 bono
411 2972 481 3032 vino
504 2972 613 3045 coquat
635 2973 665 3030 et
691 2975 850 3048 postquam
878 2991 925 3031 aas
956 2971 1077 3042 coxerit,
1110 2971 1146 3030 ab
1160 2980 1188 3024 ³0

129 3062 235 3121 eodem
257 3061 327 3120 vino
360 3079 408 3120 eas
440 3065 555 3135 separet
584 3063 615 3119 et
646 3061 750 3120 deinde
781 3061 875 3120 eidem
898 3063 967 3121 vino
995 3061 1147 3120 modicum

129 3150 263 3228 pulveris
286 3150 322 3209 dc
340 3152 456 3210 zituare
471 3149 543 3209 facti
558 3149 702 3209 immittat
717 3153 747 3208 et
762 3154 881 3210 tantum
901 3151 1037 3222 zuccaris,
1054 3170 1145 3226 quan·

128 3242 197 3298 tum
219 3240 302 3300 ebech
322 3239 389 3310 fuit,
413 3241 443 3297 et
465 3239 537 3298 satis
552 3237 588 3298 de
612 3241 697 3297 cocto
719 3240 806 3298 melle
830 3243 860 3298 et
882 3240 926 3299 ita
947 3257 1069 3298 rursum
1085 3239 1146 3298 aba·

131 3348 188 3404 que
212 3329 353 3405 praefatis
375 3328 474 3386 herbis
497 3327 577 3385 idem
599 3328 703 3386 vinum
727 3328 840 3387 modice
864 3329 979 3387 fervere
1002 3329 1147 3388 sociatae

131 3417 236 3477 deinde
264 3437 317 3494 per
340 3417 498 3476 saccellum
519 3416 604 3476 velut
637 3436 748 3492 purum
783 3419 889 3492 potum
913 3418 1003 3477 collat
1025 3421 1056 3476 et
1078 3422 1146 3493 post
1159 3426 1187 3471 35

130 3506 231 3566 cibum
255 3508 285 3564 et
307 3505 344 3563 ad
366 3509 482 3564 noctem
503 3506 547 3564 ita
569 3504 654 3563 bibat
677 3509 706 3564 et
732 3505 788 3563 hoc
816 3523 901 3580 saepe
929 3506 1025 3564 faciat.
1072 3505 1147 3564 (lum

130 3596 210 3654 enim
237 3595 386 3672 frigiditas
410 3591 494 3654 abach
522 3597 552 3652 et
575 3593 723 3669 frigiditas
754 3593 919 3652 consolidae
941 3613 974 3652 ac
996 3594 1146 3671 frigiditas

986 3695 1042 3748 12*
