2662 3932
360 179 506 236 clusas
524 181 571 236 ΕΤ
589 181 710 236 GURAE
728 182 796 236 LIB.
815 183 849 236 ΙΙ.
1068 188 1108 246 97
1192 232 1196 243 ,

68 365 138 424 cito
175 363 334 440 deficeret,
372 366 511 443 quoniam
546 364 701 424 infirmitas
735 364 807 425 haec
840 365 1000 442 aliquando
1030 367 1108 442 peri·

68 454 191 513 culosa
218 457 272 516 est.

149 543 208 602 Dc
231 543 343 603 balitus
363 544 473 616 foetore
495 544 530 602 in
552 560 632 602 aare
653 543 803 605 nebulosa.
849 543 912 601 Alii
935 547 1035 602 autem
1056 543 1109 603 ho·

72 631 182 692 mines
209 636 290 708 sunt,
314 633 368 709 qui
389 633 421 691 in
443 632 586 692 nebulosa
607 634 637 691 et
656 631 779 690 humida
794 633 935 708 temperie
951 633 1026 692 aeris
1043 651 1108 693 con·

72 719 255 798 cipiantur,
278 723 357 780 unde
380 721 470 780 etiam
485 720 645 781 foetentem
661 724 691 781 et
705 722 782 780 male
797 720 969 781 odorantem
983 720 1112 780 halitum
1125 732 1139 777 5

72 813 108 868 et
132 810 223 869 male
245 811 418 870 odorantem
446 809 584 870 sudorem
612 829 727 886 semper
752 809 871 870 babent.
915 810 954 868 Et
980 810 1111 870 foetidus

73 899 204 958 balitus
228 918 331 959 eorum
351 903 441 976 atque
455 899 528 957 mali
542 898 690 970 humores,
714 899 813 974 quiin
828 899 901 975 ipsis
915 901 993 970 sunt,
1016 918 1112 975 usque

74 987 117 1046 ad
143 989 308 1048 cerebrum
330 1007 433 1048 eornm
455 989 633 1066 pertingunt
654 991 685 1048 et
706 988 782 1047 illud
810 988 854 1046 ita
880 988 912 1046 in
938 988 1112 1054 infirmitate

77 1077 233 1154 fatigant,
257 1077 337 1154 quod
360 1077 533 1136 multotiens
547 1077 677 1136 velutin
694 1077 873 1136 oblivionem
889 1077 937 1136 sni
952 1076 1111 1140 ducuntur.

77 1165 143 1236 Qui
170 1166 201 1226 si
224 1166 332 1242 flegma
355 1167 391 1225 de
414 1167 510 1243 capite
533 1166 651 1240 eiciunt,
674 1166 773 1226 minus
796 1167 909 1240 dolent,
939 1167 1011 1242 quia
1033 1174 1153 1225 cere-10

77 1253 178 1314 brum
205 1274 311 1315 eornm
333 1258 496 1332 purgatum
519 1255 545 1314 si
566 1273 637 1315 vero
652 1255 760 1332 flegma
774 1273 834 1314 non
849 1255 968 1326 eiciunt,
991 1255 1112 1332 gravius

79 1343 113 1402 in
142 1344 246 1421 capite
269 1348 461 1420 torquentur,
490 1345 631 1420 quoniam
663 1343 817 1403 cerebrum
848 1363 953 1404 corum
979 1345 1113 1404 ancxiis

79 1431 271 1492 humoribus
302 1452 361 1492 non
383 1434 542 1493 revelatur.
588 1433 627 1492 Et
650 1433 765 1493 foetens
787 1432 897 1492 halitus
925 1435 1053 1494 istorum
1075 1434 1113 1492 ad

81 1521 265 1596 pulmonem
287 1522 394 1581 transit
416 1525 446 1581 et
461 1541 530 1581 eum
544 1522 662 1599 fatigat,
684 1523 729 1580 ita
745 1521 825 1598 quod
842 1523 932 1581 etiam
952 1523 1112 1598 aliquando

81 1629 213 1670 raucam
235 1629 338 1670 vocem
360 1611 476 1672 habeut.
521 1610 579 1671 Sed
602 1615 701 1670 tamen
725 1610 811 1670 dolor
833 1611 889 1670 iste
904 1632 962 1672 non
978 1613 1109 1672 multum
1124 1621 1151 1665 15

83 1699 295 1774 periculosum
317 1704 368 1773 est,
392 1701 464 1776 quia
486 1701 546 1760 cito
568 1701 668 1760 curari
690 1701 810 1776 poterit.

156 1791 209 1850 Dc
231 1793 370 1864 concepta
396 1791 431 1848 io
452 1789 635 1868 plenilunio.
681 1788 807 1860 Quidam
841 1791 942 1848 autem
972 1788 1112 1865 homines,

86 1878 142 1952 qui
165 1880 200 1938 in
228 1879 316 1955 plena
341 1879 413 1937 luna
441 1881 471 1938 et
496 1880 661 1953 temperata
689 1898 762 1937 aura
789 1878 1007 1954 concipiuntur,
1036 1899 1113 1954 quae

87 1985 142 2026 nec
166 1968 258 2027 nimis
281 1967 377 2027 calida
399 1987 453 2028 nec
475 1968 562 2026 nimis
585 1967 697 2044 frigida
720 1970 778 2042 est,
802 1967 865 2026 sani
888 1971 958 2026 suut
980 1971 1010 2026 et
1032 1968 1114 2027 avari

86 2055 120 2113 in
143 2057 325 2116 comestione
352 2056 495 2131 ciborum,
518 2057 562 2115 ita
585 2056 667 2132 quod
690 2056 822 2115 diversos
845 2055 926 2115 cibos
948 2055 1113 2116 indifferen-
1130 2064 1158 2110 20

89 2147 137 2202 ter
177 2148 310 2208 sumunt
369 2145 409 2204 Et
448 2146 583 2222 quamvis
623 2146 756 2205 diversos
796 2143 875 2205 cibos
913 2145 1116 2205 indifferenter

88 2234 250 2294 comedant
273 2237 303 2294 et
325 2234 476 2294 comedere
499 2235 626 2310 possint,
660 2254 677 2292 a
700 2234 878 2310 quibusdam
899 2236 998 2294 tamen
1021 2237 1116 2295 noxiis

90 2322 166 2383 cibis
204 2341 236 2382 se
266 2323 412 2384 abstinere
444 2323 598 2400 deberent,
629 2323 713 2384 velut
744 2326 875 2399 venator,
908 2324 962 2399 qui
993 2324 1116 2385 inutiles

93 2410 171 2472 feras
195 2412 278 2472 abire
300 2412 457 2489 permittit,
479 2413 569 2472 utiles
593 2415 694 2472 autem
716 2413 804 2488 capit.

158 2502 206 2561 Dc
229 2503 323 2576 epatis
345 2501 550 2576 indigestione.
584 2500 617 2561 Si
640 2502 707 2578 quis
727 2501 856 2561 istorum
879 2501 1012 2562 diversos
1034 2502 1114 2562 cibos
1129 2513 1156 2557 25

92 2586 287 2651 immoderate
310 2594 341 2650 et
362 2590 519 2650 indiscrete
542 2591 710 2666 sumpserit,
733 2593 806 2650 tunc
821 2591 857 2649 de
874 2591 996 2650 diversis
1011 2590 1115 2650 bumo-

95 2677 176 2740 ribus
200 2680 326 2740 istorum
354 2680 491 2740 'ciborum
519 2680 601 2739 iecur
630 2680 693 2738 eius
723 2679 853 2738 laeditur
883 2682 913 2738 et
945 2679 1115 2752 indurescit,

93 2765 137 2825 ita
170 2768 252 2845 quod
287 2767 437 2829 salubrem
471 2787 601 2844 succum,
636 2787 725 2844 quem
751 2769 835 2828 velut
866 2771 1055 2845 unguentum
1084 2771 1116 2828 in

95 2874 229 2934 quaeque
261 2857 393 2916 membra
427 2860 457 2917 ct
492 2858 523 2916 in
557 2859 744 2934 compagines
782 2856 983 2917 membrorum
1021 2862 1051 2918 et
1084 2860 1116 2918 in

95 2946 252 3006 accarca
273 2947 392 3006 mittere
415 2945 562 3022 deberent,
586 2946 622 3005 de
645 2947 768 3007 diversis
784 2949 814 3005 et
829 2947 923 3006 noxiis
938 2946 1115 3009 humoribus
1128 2957 1156 3002 30

95 3035 259 3094 sauciatum
281 3035 412 3110 haberet,
442 3036 485 3095 ita
508 3036 588 3112 qnod
612 3036 702 3094 etiam
725 3036 886 3113 aliquando
910 3055 977 3096 caro
999 3037 1061 3096 eius
1083 3038 1115 3096 in

96 3121 194 3200 aliquo
221 3125 286 3185 loco
318 3125 519 3184 membrorum
551 3125 582 3183 in
613 3127 763 3184 tumorem
794 3127 935 3200 vertitur,
975 3128 1005 3185 at
1034 3127 1115 3202 quod

97 3213 197 3273 eadem
217 3232 285 3274 caro
306 3213 460 3286 scinditur,
482 3216 512 3272 et
533 3214 614 3290 quod
629 3214 718 3274 etiam
733 3215 854 3292 aliquod
869 3215 1036 3274 membrum
1051 3215 1114 3274 eius

100 3297 138 3358 ita
159 3303 298 3376 laeditur,
320 3303 401 3379 quod
423 3303 454 3361 in
478 3321 512 3362 eo
536 3302 691 3368 claudicat.

158 3391 204 3452 Dc
226 3409 386 3452 nervorum
408 3392 624 3466 indiqactioac.
662 3391 720 3452 Sed
742 3395 842 3452 tamen
864 3392 914 3452 isti
936 3393 967 3452 in
990 3392 1112 3451 infirmi·
1127 3401 1154 3446 35

98 3477 153 3539 tate
175 3481 231 3541 hac
252 3481 305 3540 diu
326 3481 426 3540 vivere
448 3484 580 3557 possunt

158 3570 203 3630 Do
231 3573 371 3644 conceptu
398 3574 425 3630 ct
451 3571 548 3644 epotis
573 3568 792 3645 insinuatione.
837 3569 914 3628 Sunt
941 3571 1030 3629 etiam
1062 3571 1112 3628 alii

147 3677 303 3737 Hildegardis
318 3689 406 3724 causae
419 3680 445 3724 ct
459 3689 533 3726 curae
547 3679 584 3724 ed.
599 3678 716 3724 Kaisar.
971 3672 986 3724 'l
