2680 3938
198 169 239 226 42
586 156 830 258 succursus

196 345 244 406 vol
274 344 416 420 pauciora
448 361 539 418 quam
570 346 702 418 quatuor
733 359 795 402 assa
829 361 889 402 nou
925 344 1057 419 possunt.
1107 344 1149 403 Et
1187 364 1231 404 cx

196 434 314 494 duobus
337 431 496 510 generibus
519 435 654 492 coustsut
669 432 857 508 superiorum
873 434 903 490 et
918 431 1103 492 inferiorum.
1138 431 1230 494 Nam

196 523 349 598 superiora
371 525 442 581 sunt
465 522 609 599 caelestia,
631 522 774 582 inferiora
795 540 865 582 voro
888 521 1054 594 terrestria;
1084 525 1115 582 ot
1139 541 1228 598 quae

196 613 226 670 in
254 611 458 688 superioribus
484 611 608 687 vivunt,
641 611 837 688 inpalpabilia
866 613 937 670 suut
966 614 996 669 ct
1023 629 1058 670 ex
1084 611 1155 689 igne
1190 617 1228 672 ct

168 713 262 760 csers
286 703 368 774 sunt3
392 719 561 777 quaerero
584 700 616 758 in
638 700 829 760 inferioribus
851 703 1020 774 versantur,
1049 699 1227 776 palpabilia

196 793 227 849 et
249 790 377 850 formata
399 807 523 864 corpora
545 793 616 848 sunt
638 793 669 848 θῖ
691 810 726 849 ex
748 808 826 865 aqus
849 792 879 848 et
899 789 972 848 limo
995 793 1140 854 constent.

1321 121 1323 202 l

1322 333 1323 424 l

1321 703 1323 792 l

262 880 436 940 Deoniana
459 883 486 938 ct
507 879 671 952 spiritibus.
716 877 846 954 Spiritus
873 879 951 937 euim
978 877 1060 954 ignei
1082 881 1113 938 et
1133 881 1224 938 aerei

196 971 273 1044 sunt,
296 968 386 1029 homo
411 971 511 1027 sutem
534 985 662 1042 aquosus
685 970 716 1026 et
737 968 862 1027 limosus
885 970 938 1028 θεῖ.

262 1060 310 1119 Dc
332 1057 419 1117 Adae
442 1058 597 1118 emuna.
634 1053 710 1115 Nam
732 1074 799 1116 cum
824 1057 895 1116 deus
918 1055 1068 1116 hominem
1090 1061 1221 1128 crearet,

156 1159 182 1203 ro
196 1147 286 1206 limus
308 1166 362 1223 par
385 1165 493 1223 aquam
516 1146 739 1222 conglutinatus
762 1149 814 1221 est,
837 1165 872 1205 ex
887 1164 946 1221 quo
961 1145 1050 1205 homo
1065 1145 1219 1206 formatus

195 1240 250 1313 θεῖ,
285 1236 425 1311 misitque
463 1235 536 1294 dous
575 1235 608 1293 in
638 1235 766 1294 formam
798 1234 881 1294 illsm
914 1235 1096 1309 spiraculum
1132 1235 1218 1296 vitae

195 1325 317 1402 igneum
340 1328 371 1383 st
392 1342 520 1382 aereum.
565 1323 605 1384 Et
635 1324 707 1400 quia
736 1325 834 1384 forma
863 1323 991 1384 hominis
1022 1343 1057 1383 ex
1085 1324 1158 1385 limo
1185 1328 1217 1384 st

195 1432 272 1488 equs
303 1413 374 1489 fuit,
406 1431 440 1471 cx
469 1413 538 1490 igne
569 1413 700 1472 eiusdem
730 1413 872 1489 spiraculi
902 1414 982 1473 vitas
1017 1414 1107 1472 limus
1144 1433 1216 1474 caro

196 1503 293 1561 factus
316 1505 369 1574 θεῖ,
394 1503 424 1561 at
446 1521 480 1560 ex
503 1521 569 1562 aare
593 1502 656 1561 eius
680 1521 765 1577 equs,
789 1521 842 1579 per
866 1521 957 1577 quam
976 1503 1067 1562 limus
1090 1504 1215 1581 conglu-

154 1602 182 1648 15
195 1592 308 1651 tinctus
340 1596 398 1666 cst,
428 1592 547 1669 sanguis
578 1591 681 1651 effectu
711 1594 765 1652 ost.
812 1589 887 1650 (lum
914 1592 993 1651 enim
1016 1592 1089 1652 deus
1112 1593 1212 1652 Adam

196 1682 319 1757 crearet,
351 1681 490 1756 splendor
513 1681 678 1741 divinitatis
700 1699 825 1740 massam
847 1681 926 1753 limi,
954 1681 989 1740 dc
1012 1701 1073 1757 qua
1095 1685 1214 1742 creatus

195 1773 252 1845 θεῖ,
282 1770 497 1846 circumfulsit,
530 1774 561 1830 θῖ
587 1771 631 1830 ita
652 1770 742 1829 limus
765 1770 816 1829 ille
838 1770 924 1830 illata
946 1770 1045 1828 forms
1067 1770 1099 1829 in
1121 1771 1209 1830 linia·

194 1860 300 1919 mentis
328 1859 528 1920 membrorum
560 1859 689 1919 exterius
721 1861 863 1936 apparuit
894 1862 924 1919 et
950 1859 1077 1920 interius
1106 1879 1211 1921 vacua.

195 1949 278 2008 Tunc
301 1950 390 2009 etiam
414 1950 487 2009 deus
509 1949 633 2008 interius
656 1949 687 2007 in
711 1948 812 2008 eadem
835 1968 871 2009 ex
893 1948 998 2010 eadem
1020 1967 1115 2009 mussa
1145 1950 1212 2008 limi
1321 1957 1322 1960 ’

154 2039 306 2098 recreavit
329 2056 379 2098 cor
401 2042 432 2099 ct
453 2040 536 2098 iecur
559 2041 589 2098 at
611 2037 783 2114 pulmonem
804 2057 838 2097 ac
853 2038 1039 2099 stomachum
1055 2041 1085 2098 et
1100 2039 1211 2099 viscera

196 2129 226 2186 et
249 2128 403 2186 cerebrum
426 2147 459 2187 ac
482 2128 583 2186 oculos
607 2131 637 2188 et
655 2127 791 2204 linguam
806 2129 837 2186 st
851 2128 965 2203 reliqua
979 2129 1123 2188 interiora
1138 2129 1209 2192 sius.

194 2217 324 2275 Etcum
348 2216 419 2275 daus
442 2216 623 2291 spiraculum
647 2217 727 2276 vitus
751 2217 782 2275 in
798 2236 866 2276 eum
882 2217 971 2288 misit,
995 2218 1121 2277 matoria
1137 2219 1209 2294 sius,

195 2324 271 2381 quae
293 2323 358 2364 ossa
381 2307 411 2364 et
432 2305 565 2365 medulla
588 2324 622 2364 sc
645 2324 735 2365 venas
751 2310 830 2383 sunt,
855 2306 1006 2382 peridem
1027 2307 1208 2382 spiraculum

195 2395 363 2454 confortata
394 2398 479 2466 sunt3
512 2397 542 2454 et
568 2394 646 2453 illud
675 2395 707 2453 in
735 2395 857 2454 eandem
884 2415 1010 2456 massam
1032 2397 1076 2456 its
1099 2415 1129 2456 so
1153 2397 1206 2456 dis-
1233 2409 1235 2414 '

154 2494 182 2540 25
195 2484 291 2556 tinxit,
314 2486 351 2543 ut
373 2484 480 2544 vermis
503 2483 533 2542 in
558 2483 679 2542 domum
702 2502 787 2542 suam
810 2503 840 2544 ss
862 2485 1015 2561 intorquet
1036 2489 1068 2546 at
1088 2489 1126 2545 ut
1139 2486 1205 2546 viri·
1320 2525 1321 2570 3

196 2572 272 2632 ditas
299 2573 330 2632 in
359 2574 463 2633 arbore
495 2575 549 2645 θεῖ;
583 2577 613 2633 θῖ
647 2573 736 2633 etiam
771 2573 815 2633 itu
854 2575 1022 2634 confortata
1051 2577 1133 2651 suut,
1170 2580 1204 2636 ut
1320 2583 1321 2596 ³

194 2665 351 2739 argentum
373 2663 405 2721 in
427 2663 520 2721 alium
542 2663 665 2722 modum
688 2662 735 2734 fit,
759 2680 828 2721 cum
850 2663 926 2722 illud
949 2664 1032 2723 faber
1054 2665 1086 2724 in
1109 2665 1203 2741 ignem

194 2751 314 2826 proicit;
338 2754 368 2810 at
390 2751 485 2811 sicin
508 2751 594 2812 corde
617 2752 680 2810 eius
702 2751 787 2812 sedit
833 2752 916 2812 Tunc
938 2753 1029 2812 etism
1051 2753 1079 2812 in
1106 2753 1203 2813 cadem

194 2857 290 2899 masse
313 2841 349 2899 ds
371 2841 439 2917 igne
462 2841 575 2900 animas
598 2859 664 2900 caro
688 2843 719 2899 et
741 2843 862 2917 sanguis
885 2842 965 2901 facta
987 2844 1065 2902 sunt.

153 2937 182 2984 80
261 2929 306 2988 De
329 2930 455 3003 cupillis.
500 2930 539 2988 ur
565 2930 701 2989 viriditas
730 2930 844 2989 animas
871 2949 1007 3006 spumam
1029 2936 1060 2993 et
1081 2931 1201 2992 humidi-

194 3021 286 3077 tatem
309 3019 347 3078 ud
370 3022 467 3094 caput,
492 3018 604 3079 scilicet
625 3019 656 3077 in
679 3019 833 3078 cerebrum
855 3020 946 3096 misit,
972 3021 1048 3081 unde
1072 3023 1102 3081 ct
1127 3040 1198 3082 cere·

194 3107 282 3166 hrum
313 3108 471 3168 humidum
498 3112 554 3184 ost,
586 3111 616 3166 et
646 3108 683 3167 de
714 3108 892 3169 humiditate
923 3110 976 3169 illc
1008 3114 1100 3186 caput
1128 3111 1199 3186 pilos

194 3197 314 3260 emittit.

261 3287 306 3347 Dc
328 3288 521 3348 interioribus
542 3287 680 3348 tunicis.
714 3285 824 3345 Anima
847 3292 948 3348 sutem
968 3289 1063 3366 ignea,
1086 3291 1198 3349 ventosa

153 3385 182 3430 35
196 3378 226 3434 et
247 3375 372 3435 humida
393 3379 438 3436 θεῖ
460 3380 492 3438 ct
513 3379 611 3436 totum
634 3393 687 3435 cor
707 3375 835 3436 hominis
849 3378 988 3453 possidet.
1025 3377 1116 3438 Jecur
1138 3397 1197 3438 voro

196 3483 247 3524 cor
269 3466 412 3539 calefacit,
435 3468 539 3542 pulmo
563 3463 639 3524 illud
660 3465 749 3542 tegit,
772 3467 941 3526 stomachus
966 3470 1065 3526 autom
1084 3467 1197 3526 interius

194 3553 397 3615 habitaculum
419 3556 450 3615 in
473 3574 594 3633 corpore
616 3553 744 3614 hominis
766 3559 811 3615 θεῖ
829 3556 867 3615 ad
882 3555 1100 3632 suscipiendum
1115 3555 1192 3615 cibos.
