2668 3924
368 177 510 233 CAUSAE
528 177 575 232 ΕΤ
593 176 715 233 CURAE
734 178 801 235 nm.
820 177 855 232 V.
1054 183 1116 242 235

193 363 278 422 Item.
335 361 392 431 Qui
430 363 530 442 nigros
567 380 619 421 seu
657 362 837 422 turbilentos
876 363 978 422 oeulos
1017 361 1117 435 habet,

103 454 139 512 ut
171 449 330 527 aliquando
358 451 450 510 nubes
482 454 539 528 est,
571 451 628 511 iste
659 450 788 528 prudens
816 471 850 511 eo
877 452 960 511 bonis
989 451 1118 511 consiliis

103 540 287 600 consentiens
321 543 377 615 est,
412 539 462 599 sed
493 543 593 599 tamen
625 540 662 599 sd
695 559 828 616 quaeque
858 559 947 616 opera
977 559 1032 600 sua
1066 560 1116 599 au·

102 631 261 707 gustietur.
308 655 309 662 ¹

192 718 238 778 De
260 719 373 780 cerame
395 723 423 778 et
444 718 570 792 crapula
591 719 737 792 ipsarum.
771 716 803 777 si
819 719 885 793 quis
901 736 999 777 cerasa
1019 727 1145 778 nome-5

103 807 158 878 dit,
181 807 283 868 stetim
305 807 377 866 setis
401 805 437 865 de
457 808 527 866 vino
541 806 633 882 hibat,
656 811 694 866 ut
708 825 812 867 suenus
827 826 930 866 oerum
946 826 999 883 per
1014 807 1119 865 vinum

103 900 268 972 superetur,
292 896 387 956 etita
410 896 460 954 ille
484 896 519 954 de
542 896 644 956 eodem
667 914 755 956 sueto
778 915 837 955 non
859 895 1010 974 laeditur]

193 986 345 1058 maedan
368 985 404 1044 de
427 990 574 1058 correpta.
628 985 786 1060 Homines,
819 987 871 1061 qui
900 985 1117 1061 concipiuntur,

103 1092 171 1133 eum
205 1075 277 1133 lune
310 1075 420 1133 multus
459 1075 613 1133 effusiones
642 1094 788 1150 aquarum
822 1075 853 1132 in
884 1093 914 1133 se
946 1077 1048 1151 portat
1088 1075 1119 1131 in

102 1162 257 1239 imbribus,
276 1182 359 1239 aque
382 1181 432 1222 eos
455 1163 486 1222 in
508 1163 742 1226 submersionem
764 1164 803 1222 ad
824 1182 854 1223 se
877 1163 1004 1222 libenter
1017 1163 1117 1222 trahit.
1133 1171 1161 1215 1⁰

101 1253 142 1311 Et
165 1253 216 1328 qui
240 1252 462 1328 concipiuntur,
494 1269 563 1312 enm
594 1253 667 1311 lune
688 1253 720 1311 in
742 1253 835 1311 nimio
867 1252 971 1312 erdore
1001 1253 1120 1311 aestatis

101 1344 155 1418 est,
178 1342 246 1400 illos
267 1341 346 1418 ignis
370 1340 407 1400 ed
430 1359 460 1399 se
483 1341 611 1400 libenter
632 1341 727 1401 trahit
754 1343 785 1400 in
815 1342 1025 1403 combustione.
1062 1339 1120 1400 Sed

99 1434 131 1490 et
153 1448 221 1489 oum
245 1430 306 1489 dies
331 1430 510 1489 caniculares
532 1434 609 1503 sunt,
633 1432 687 1506 qni
706 1433 778 1490 tuno
799 1431 1014 1508 concipiuntur,
1038 1429 1120 1506 quod

101 1519 254 1579 mordaces
278 1519 340 1578 dios
363 1522 441 1594 sunt,
470 1519 516 1577 illi
539 1539 557 1577 a
579 1519 680 1578 bestiis
703 1520 830 1579 libenter
853 1520 1043 1582 devorantur.
1079 1519 1120 1578 Et

104 1608 159 1684 qui
180 1609 210 1667 in
234 1609 353 1668 tooure
375 1608 592 1685 concipiuntur,
616 1609 743 1668 libenter
766 1609 802 1668 de
818 1609 975 1668 arboribus
998 1612 1028 1668 et
1052 1608 1118 1667 eliis
1132 1617 1160 1662 15

102 1697 150 1756 his
172 1697 381 1758 altitudinibus
403 1701 505 1759 ruunt.

168 1786 264 1846 Luna
274 1788 388 1860 prima.
415 1785 473 1845 Sed
488 1786 585 1863 homo,
607 1787 660 1862 q'ui
675 1787 707 1844 in
729 1787 826 1861 prime
848 1786 921 1844 luna
944 1785 1119 1860 coneipitur,

100 1893 171 1935 oum
192 1876 258 1951 ipsa
280 1875 317 1934 de
343 1877 404 1935 sole
435 1875 622 1951 splendorem
652 1895 740 1935 suum
767 1876 885 1951 recipit,
918 1875 943 1934 si
970 1875 1119 1933 maseulus
1186 1901 1191 1916 ·

103 1967 162 2036 est,
198 1964 342 2040 superbus
375 1968 405 2024 et
437 1964 530 2024 durus
558 1965 617 2024 erit
649 1983 703 2024 neo
729 1965 825 2024 ullum
854 1964 1004 2023 hominem
1031 1969 1118 2034 amat,

98 2053 157 2112 nisi
171 2053 266 2127 illum,
291 2055 344 2131 qui
366 2073 435 2113 enm
458 2053 545 2113 timet
567 2057 598 2112 et
620 2053 754 2130 honorat,
778 2073 811 2113 ae
832 2053 965 2113 homines
991 2050 1119 2111 libenter
1131 2061 1160 2106 20

99 2144 246 2202 uerretbet
276 2149 307 2202 et
337 2143 507 2219 superbiam
540 2154 643 2202 e'orum
665 2145 696 2201 et
718 2144 824 2214 omnia,
853 2161 929 2218 quae
955 2139 1117 2219 possident3

97 2231 151 2290 sed
177 2250 266 2292 sanus
292 2233 323 2290 in
347 2249 471 2307 corpore
494 2236 539 2291 est
560 2251 613 2291 nee
636 2251 757 2309 magnes
779 2231 966 2291 infirmitates
989 2230 1117 2302 habebit,

98 2319 231 2380 sednon
254 2323 385 2380 multum
407 2340 494 2380 senex
517 2321 582 2383 erit.
628 2321 752 2381 sivero
775 2321 884 2379 femine
906 2324 957 2393 est,
980 2320 1119 2379 honoren'

26 2405 31 2410 ’
99 2427 216 2486 semper
245 2411 361 2486 appetit
391 2413 421 2469 et
450 2409 488 2469 ab
520 2411 664 2469 extraneis
693 2411 761 2486 plus
792 2430 883 2487 quem
913 2409 1119 2468 edomeetieis

98 2517 215 2576 semper
237 2503 355 2559 amatur
377 2503 408 2559 et
430 2499 510 2574 apud
533 2517 563 2558 se
586 2498 682 2575 ipsam
704 2500 797 2574 impia
820 2502 865 2558 est
892 2502 923 2558 et
949 2499 1060 2557 alienos
1088 2499 1159 2556 etat

99 2605 192 2648 novos
219 2589 410 2649 adventantes
440 2588 573 2648 homines
604 2607 719 2664 semper
751 2596 843 2662 amet,
877 2587 928 2647 sed
960 2587 1038 2646 eirea
1065 2586 1116 2645 do-

100 2677 237 2736 mesticos
260 2679 339 2736 male
361 2680 406 2738 est
428 2681 460 2736 et
480 2677 548 2737 illos
570 2678 709 2756 negligit3
732 2681 763 2737 et
777 2677 809 2736 in
824 2695 948 2752 eorpore
971 2694 1041 2734 sena
1064 2681 1117 2736 est.

99 2764 158 2824 Sed
181 2766 207 2824 si
228 2767 384 2826 infirmites
408 2786 472 2826 eam
495 2766 728 2842 apprehenderit,
751 2769 824 2826 tuno
838 2765 925 2825 valde
940 2765 1116 2838 infirmetur,

99 2857 132 2914 et
152 2854 214 2913 fere
235 2873 330 2932 usque
352 2856 390 2915 ad
411 2859 546 2931 mortem,
570 2860 600 2915 et
622 2856 674 2915 diu
696 2875 755 2915 non
778 2856 863 2918 vivit.

166 2944 261 3003 Luna
283 2945 423 3004 retrado.
470 2945 528 3015 Qui
556 2946 588 3004 in
618 2944 747 3005 seeunda
775 2946 847 3004 luna
882 2943 1062 3019 coneipitur,
1094 2945 1119 3002 si
1132 2954 1160 2999 30

99 3034 248 3092 mesoulus
271 3037 324 3110 est,
347 3033 531 3111 vagationem
555 3036 663 3095 mentis
679 3037 709 3092 et
723 3035 755 3093 in
770 3034 916 3112 snpientia
928 3032 1119 3092 latitudinem

99 3123 208 3182 mentis
237 3122 334 3195 habet,
367 3127 398 3182 et
431 3123 549 3182 stabiles
580 3142 678 3184 mores
712 3124 801 3183 hebet
829 3127 860 3183 et
881 3123 918 3182 eb
949 3121 1119 3181 bominibus

99 3216 268 3273 reverenter
289 3214 462 3287 honoratur,
494 3213 545 3273 sed
575 3213 606 3272 in
638 3214 744 3273 timore
775 3213 861 3272 faoile
891 3214 1058 3272 exterretur
1088 3215 1119 3268 et

101 3319 188 3378 saepe
210 3302 261 3361 sed
284 3302 388 3361 leniter
410 3302 579 3361 infirmetur
595 3305 625 3362 et
646 3302 760 3362 diutius
783 3303 883 3362 vivere
906 3303 1005 3377 potest
1027 3319 1118 3377 quam

102 3389 162 3462 ille,
185 3393 238 3469 qui
260 3392 291 3451 in
319 3391 417 3468 prima
439 3392 511 3450 luna
534 3391 711 3468 coneipitur.
756 3390 787 3450 Si
809 3395 910 3450 autem
932 3390 1042 3449 femine
1064 3391 1116 3463 est,
1131 3398 1159 3444 35

92 3480 232 3562 ¹prudens
255 3481 313 3541 erit
335 3483 366 3540 et
388 3481 483 3540 multa
496 3481 654 3559 perquirit,
670 3483 701 3540 et
715 3481 875 3540 arbritium
889 3497 986 3538 mores
1009 3482 1041 3538 et
1062 3477 1119 3537 sibi

101 3570 133 3628 et
154 3570 219 3631 eliis
242 3570 411 3632 hominibus
443 3569 534 3630 hebet
562 3574 593 3631 et
623 3570 715 3629 emori
746 3569 825 3640 vult,
855 3569 906 3628 sed
937 3567 1029 3626 amari
1060 3586 1119 3626 non
