2668 3924
218 212 281 270 190
608 205 855 261 HILDEGARDlS

216 390 252 448 de
274 390 397 448 naribus
420 388 497 463 fluit,
530 389 655 464 accipiat
678 392 797 448 anetum
820 394 851 448 et
873 390 918 448 bis
938 393 1058 449 tantum
1089 391 1242 452 millefolii

216 483 246 538 et
268 479 321 538 has
345 477 450 536 herbas
472 477 581 537 virides
604 479 697 538 fronti
719 497 753 539 ac
776 478 959 554 temporibus
987 483 1018 539 et
1044 481 1160 555 pectori
1185 500 1240 541 sno

218 569 430 643 circumponat.
467 565 543 625 Nam
559 567 673 626 siccitas
698 571 727 626 et
751 567 900 644 frigiditas
925 569 1004 627 aneti
1021 569 1158 628 ardorem
1175 589 1240 630 san-

216 657 315 734 guinis
340 657 496 732 extinguit,
521 659 551 715 et
573 657 654 715 calor
676 657 824 715 millefolii
847 658 1020 734 sanguinem
1044 657 1081 715 ad
1097 677 1128 717 se
1143 659 1241 719 trahit

187 755 246 806 bet
269 766 337 805 eum
359 747 475 817 retinet,
498 765 534 804 ne
558 746 790 822 supramodum
813 747 946 808 inundet.
985 747 1024 806 ut
1051 747 1106 806 hae
1129 747 1239 807 herbu-

217 837 262 894 lae
285 835 395 894 virides
418 853 478 894 esse
507 834 627 908 debent,
655 836 794 911 quoniam
817 835 915 894 virtus
942 855 1045 894 earum
1072 836 1104 894 in
1131 838 1239 896 viridi-

217 929 279 984 tate
307 924 464 1000 praecipue
487 924 582 1000 viget3
610 923 661 982 sed
689 927 720 983 et
742 923 835 982 fronti
857 926 887 983 et
908 925 1092 1000 temporibus
1115 944 1150 985 ac
1173 945 1239 1000 pec·

216 1014 277 1073 tori
301 1015 567 1088 circumponuntur,
592 1013 672 1088 quod
695 1011 738 1070 ibi
760 1013 804 1072 vis
826 1032 970 1073 venarum
994 1019 1047 1084 est,
1072 1033 1149 1090 quae
1172 1033 1238 1074 san·

216 1104 338 1180 guinem
361 1104 493 1178 portant.
540 1101 626 1170 Quod
648 1103 674 1160 si
698 1102 728 1160 in
751 1101 847 1160 hieme
871 1108 924 1178 est,
947 1102 1050 1162 herbas
1073 1104 1241 1178 pulverizet

177 1201 204 1246 10
218 1198 249 1250 et
263 1193 361 1268 ipsum
378 1191 531 1267 pulverem
549 1189 663 1250 modico
675 1192 744 1250 vino
761 1210 912 1266 aspersum
927 1192 958 1250 in
974 1192 1130 1252 saccellum
1145 1197 1241 1268 ponat

220 1287 250 1339 et
273 1281 366 1340 fronti
389 1299 422 1338 ac
445 1278 629 1354 temporibus
661 1298 695 1338 ac
725 1281 839 1355 pectori
871 1285 1061 1357 superponat,
1094 1283 1237 1358 quemad-

220 1370 344 1428 modum
367 1368 554 1444 praedictum
576 1372 628 1441 est,
653 1370 792 1444 quoniam
816 1369 896 1428 calor
918 1370 981 1429 vini
1004 1370 1041 1428 ad
1055 1371 1238 1448 restringen-

221 1458 293 1516 dum
317 1458 490 1534 sangninem
513 1458 608 1516 eidem
630 1459 747 1533 pulveri
771 1458 846 1516 vires
868 1458 984 1518 tribuit.

284 1548 329 1606 De
351 1549 460 1608 corita.
509 1539 533 1628 ¹)
542 1546 574 1605 Si
605 1547 715 1605 nimius
747 1547 832 1606 dolor
862 1566 932 1622 prae
963 1548 1059 1606 multo
1087 1549 1182 1608 fluore
1205 1550 1237 1608 in

176 1646 202 1690 15
217 1636 339 1707 naribus
362 1635 489 1695 hominis
514 1637 688 1707 excreverit,
711 1636 761 1694 ille
784 1637 947 1695 feniculum
976 1640 1007 1696 et
1033 1641 1139 1712 qnater
1165 1639 1236 1714 plns

218 1725 253 1783 de
277 1729 363 1785 aneto
392 1725 517 1801 accipiat
550 1743 584 1784 ac
616 1744 706 1801 super
738 1725 884 1800 lapideam
917 1726 1051 1801 tegulam
1083 1728 1156 1786 tecti
1188 1729 1236 1788 vel

215 1834 304 1889 super
337 1818 458 1873 tenuem
493 1814 615 1873 laterem
649 1815 717 1890 igne
753 1814 926 1874 calefactum
960 1817 1052 1890 ponat
1074 1819 1105 1874 et
1126 1815 1183 1876 hac
1206 1822 1237 1876 et

215 1905 284 1963 illac
306 1905 468 1963 feniculum
491 1903 569 1968 illud
591 1906 621 1962 et
643 1907 763 1962 anetum
786 1907 893 1978 verset,
917 1907 952 1962 nt
974 1904 1111 1980 fumiget,
1135 1923 1168 1965 ac
1185 1906 1233 1964 fu·

215 2013 297 2052 mum
331 1994 423 2052 istum
454 1997 484 2052 et
515 1992 636 2051 odorem
660 1993 722 2051 eius
745 1992 866 2051 naribus
890 1996 920 2051 et
943 2012 994 2052 ore
1016 1993 1180 2052 introrsum
1203 1995 1234 2052 in

174 2091 203 2137 ‘20
216 2101 246 2141 se
268 2082 376 2157 trahat,
404 2086 434 2141 et
461 2081 564 2140 deinde
594 2083 683 2140 etiam
710 2081 790 2140 idem
817 2081 980 2140 feniculum
1008 2085 1037 2140 et
1059 2082 1138 2140 idem
1162 2102 1230 2142 ane·

217 2175 280 2229 tum
314 2171 355 2230 sic
386 2189 476 2246 super
509 2171 694 2245 praedictum
716 2171 845 2246 lapidem
868 2171 1044 2230 calefactum
1068 2190 1134 2230 cum
1158 2192 1235 2248 pane

216 2259 356 2320 comedat.
402 2259 467 2318 Hoc
495 2261 593 2317 autem
624 2279 678 2334 per
699 2259 835 2318 triduum
860 2263 913 2318 aut
942 2279 997 2335 per
1024 2263 1154 2336 quatuor
1181 2266 1236 2320 aut

215 2367 268 2424 per
288 2348 420 2424 quinque
436 2349 497 2407 dies
511 2348 608 2422 faciat,
633 2349 775 2424 quatinus
790 2349 841 2407 ille
856 2349 934 2407 fluor
950 2349 1054 2425 capitis
1070 2352 1100 2408 et
1115 2351 1234 2410 narium

216 2441 300 2496 tanto
324 2438 445 2496 suavius
469 2438 602 2496 solvatur
625 2441 654 2496 et
676 2441 712 2496 ut
734 2437 780 2496 illi
803 2438 956 2496 effluentes
984 2437 1123 2497 humores
1149 2441 1233 2498 tanto

174 2535 202 2582 25
217 2527 339 2586 suavius
362 2531 544 2602 separentur.
590 2525 666 2584 Nam
693 2527 773 2584 calor
800 2531 831 2586 et
852 2527 1014 2586 humiditas
1041 2527 1164 2587 feniculi
1186 2529 1231 2586 in-

215 2617 292 2675 iuste
315 2615 436 2674 diffusos
459 2618 488 2674 et
510 2616 619 2674 iniuste
642 2611 793 2690 separatos
816 2615 955 2675 humores
979 2616 1093 2692 colligit
1116 2619 1146 2675 et
1161 2635 1232 2676 con-

215 2705 316 2777 trahit,
351 2709 382 2763 et
414 2705 490 2765 sicca
512 2705 663 2781 frigiditas
698 2705 776 2763 aneti
805 2723 852 2764 eos
880 2704 1016 2776 exsiccat,
1045 2723 1113 2764 cum
1142 2706 1233 2765 simul

215 2813 305 2868 super
327 2793 456 2870 ignitum
479 2794 608 2869 lapidem
630 2798 754 2870 propter
777 2813 877 2852 sanam
900 2796 1037 2853 naturam
1060 2795 1143 2854 illius
1158 2799 1233 2855 tem·

215 2885 366 2958 petantur,
390 2888 426 2940 nt
448 2883 632 2958 praedictum
656 2887 707 2941 est.

176 2982 202 3026 so
283 2972 328 3030 Dc
338 2974 510 3045 potionibus
525 2973 719 3046 accipiendis.
753 2971 776 3049 2)
785 2971 892 3040 Homo,
917 2971 969 3047 qui
984 2972 1120 3047 potiones
1135 2973 1232 3033 facere

216 3065 246 3118 et
268 3079 384 3119 sumere
406 3062 481 3136 vult,
505 3061 630 3120 zinziber
654 3061 778 3137 accipiat
801 3064 831 3119 et
854 3060 1006 3118 dimidiam
1022 3064 1137 3136 partem
1153 3063 1232 3122 tanti

216 3150 251 3208 de
273 3149 424 3226 liquiricio
448 3153 478 3210 et
499 3151 619 3210 tertiam
653 3155 769 3225 partem
804 3150 840 3208 de
870 3151 979 3225 adcor,
1015 3155 1161 3225 qnantum
1197 3153 1233 3210 de

215 3238 370 3314 zinzibero,
393 3243 423 3298 et
444 3241 516 3298 haec
538 3240 569 3298 in
591 3240 746 3315 pulverem
769 3239 885 3315 redigat
907 3242 937 3298 et
960 3239 1045 3314 colet,
1074 3244 1105 3298 et
1127 3237 1233 3300 deinde

216 3327 341 3386 eundem
364 3329 516 3403 pulverem
539 3330 628 3388 simul
650 3332 760 3404 penset.
804 3328 909 3387 Postea
932 3331 1031 3386 sumat
1054 3331 1173 3388 tantum
1197 3329 1234 3388 de

289 3537 309 3604 ¹)
329 3557 353 3592 v.
369 3538 474 3592 14-25
487 3560 520 3586 =
533 3537 629 3609 Migne
643 3537 711 3591 1157
726 3535 815 3590 B-c.
836 3567 869 3575 -
889 3537 911 3602 2)
926 3554 952 3590 v,
965 3536 1000 3590 30
1014 3565 1045 3576 ·-
1055 3553 1082 3606 p.
1097 3535 1182 3602 192,11
1200 3563 1232 3582 =

214 3607 310 3679 Migne
325 3609 392 3664 1137
406 3609 499 3663 A—B.
