2662 3932
212 193 252 251 36
596 159 841 240 dunecanus

209 367 278 428 inde
300 367 399 444 perdit
421 370 452 427 et
466 367 497 426 in
521 385 606 428 sensu
630 367 816 444 aliquantum
837 369 1012 440 evacuatur,
1037 370 1128 444 atque
1150 387 1236 438 caro,

210 476 285 534 quae
300 458 379 517 circa
398 457 499 516 oculos
520 457 584 516 eius
602 461 655 533 est,
674 457 744 516 inde
763 457 845 516 dolet
864 459 895 515 et
915 456 1005 516 rubet
1019 473 1054 516 ac
1069 456 1234 517 evolvitur.
1315 483 1316 490 ο

210 547 268 606 Sed
300 548 399 605 tamen
430 546 523 605 aciem
556 549 586 606 et
616 546 765 622 pupillam
798 550 829 606 et
858 546 955 605 visum
984 545 1140 605 oculorum
1168 565 1234 606 non
1315 555 1316 558 ’

209 635 338 695 multum
369 634 472 709 laedit3
510 636 564 712 qni
597 638 698 696 autem
729 634 879 695 moderate
912 634 1032 712 vigilat,
1071 635 1233 694 sanitatem

183 725 342 801 ocorporis
363 724 512 784 retinebit.
557 723 650 800 Saepe
672 728 772 784 autem
795 724 906 800 evenit,
938 722 1017 800 quod
1040 723 1131 783 homo
1154 724 1234 801 vigil

212 817 258 874 est
279 819 309 873 et
332 814 462 872 dormire
478 832 536 872 non
551 816 658 889 potest
682 832 750 873 oum
766 813 882 873 animus
898 813 961 872 eins
977 813 1100 872 diversis
1115 814 1232 891 cogita·

210 901 342 963 tionibus
373 907 404 963 et
436 902 630 978 qualitatibus
662 906 753 978 atque
783 901 1044 962 contrarietatibus
1066 906 1232 978 occupatus

210 997 255 1052 est
285 995 338 1052 aut
371 1010 480 1068 magna
509 991 624 1050 laetitia
653 990 800 1055 detentus.
842 989 920 1051 Nam
948 1009 1015 1050 cnm
1043 990 1075 1049 in
1104 992 1234 1051 tristitia

210 1099 264 1141 seu
294 1081 325 1141 in
353 1080 460 1140 timore
487 1097 539 1138 seu
567 1080 598 1137 in
631 1079 776 1156 angustiis
805 1098 857 1139 seu
890 1080 922 1138 in
951 1081 997 1139 ira
1024 1098 1078 1139 seu
1102 1081 1134 1138 in
1163 1081 1232 1140 aliis

172 1170 258 1230 robis
292 1168 513 1230 diversitatibus
547 1172 578 1227 et
611 1168 838 1245 cogitationibus
869 1172 922 1245 est,
956 1172 1028 1228 ωηο
1055 1169 1233 1229 multotiens

212 1257 341 1336 sanguis,
364 1258 417 1333 qui
440 1258 471 1316 in
494 1275 528 1315 eo
544 1260 597 1334 est,
619 1258 651 1316 in
665 1256 903 1333 inquietudinem
917 1259 1062 1332 vertitur;
1083 1262 1115 1317 et
1128 1277 1232 1331 venae,

213 1367 291 1429 quae
314 1365 435 1406 suavem
457 1348 580 1405 ventum
603 1347 716 1423 soporis
739 1347 888 1424 suscipere
909 1346 1064 1419 debebant,
1096 1347 1231 1424 aliquan-

211 1441 278 1497 tum
301 1434 528 1507 contrahuntur,
558 1437 602 1495 ita
632 1436 714 1513 quod
745 1453 814 1494 eum
843 1435 975 1511 excipere
1005 1454 1065 1495 non
1096 1439 1231 1513 possunt

211 1526 341 1584 Etcum
368 1525 457 1584 etiam
479 1524 629 1584 interdum
659 1525 775 1600 aliquid
805 1525 916 1585 viderit
945 1526 994 1584 vel
1025 1525 1154 1585 audierit
1180 1528 1232 1586 vel

169 1627 197 1673 15
213 1614 295 1673 eliud
326 1615 353 1672 ei
376 1614 535 1690 quicquam
566 1613 717 1689 acciderit,
748 1614 827 1673 unde
857 1614 940 1673 ultra
970 1614 1095 1673 modum
1123 1615 1231 1674 laetari

210 1703 330 1781 poterit,
354 1707 426 1763 tunc
448 1721 538 1762 venae
554 1703 616 1762 eins
639 1703 676 1761 ed
692 1702 837 1762 laetitiam
852 1702 1025 1762 referuntur
1038 1722 1092 1764 nec
1107 1722 1230 1764 suavem

210 1795 333 1853 ventum
356 1792 469 1868 soporis
492 1791 619 1852 retinere
640 1791 748 1865 valent,
771 1793 816 1851 ita
830 1792 911 1868 quod
927 1792 978 1851 ille
993 1795 1103 1852 rectam
1118 1796 1232 1870 tempe·

210 1882 282 1942 riam
307 1883 339 1941 in
362 1900 392 1941 se
415 1880 596 1953 nonhabet,
620 1887 651 1940 et
672 1880 740 1939 inde
763 1881 892 1958 pervigil
907 1883 1016 1954 manet,
1039 1900 1135 1958 usque
1159 1882 1236 1943 dum
1315 1909 1316 1943 z

211 1990 243 2030 re
265 1971 319 2031 illa
340 1972 371 2030 in
394 1975 492 2030 mente
515 1989 569 2029 sua
591 1973 746 2030 contentus
774 1971 935 2047 resipiscat,
965 1988 1000 2029 ac
1026 1972 1052 2030 si
1079 1989 1170 2031 venae
1196 1973 1236 2031 ad

171 2064 328 2120 carectum
355 2059 478 2120 modum
504 2058 641 2131 redeunt,
674 2063 705 2118 et
732 2058 822 2119 homo
848 2059 899 2118 ille
927 2059 1077 2124 dormitat.
1122 2060 1179 2120 Sed
1204 2065 1236 2121 et

213 2169 280 2208 cnm
302 2149 390 2208 homo
422 2148 506 2226 gravi
540 2147 713 2208 infirmitate
743 2149 903 2224 aliquando
934 2149 1128 2225 opprimitur,
1158 2154 1235 2210 ωηο

211 2239 300 2297 etiam
323 2239 444 2315 sangnis
467 2239 497 2296 et
518 2236 672 2308 humores,
701 2238 753 2313 qui
775 2238 894 2313 inipso
916 2240 998 2313 sunt,
1026 2237 1057 2296 in
1080 2239 1234 2314 quandam

212 2326 449 2386 contrarietatem
483 2329 644 2384 vertuntur
676 2329 707 2384 et
737 2327 821 2386 velut
854 2326 996 2402 quasdam
1026 2328 1172 2402 procellas
1203 2332 1235 2388 et

212 2417 402 2492 tempestates
425 2416 456 2474 in
479 2433 512 2474 eo
536 2414 659 2489 faciunt,
688 2417 718 2474 et
739 2415 783 2474 ita
805 2418 927 2492 propter
950 2417 1135 2477 diversitates
1158 2417 1234 2478 istas

169 2517 197 2564 ηε
210 2505 358 2582 quiescere
380 2523 440 2564 non
462 2503 550 2579 valet,
575 2503 626 2562 sed
648 2503 789 2563 insomnis
812 2507 843 2563 et
865 2504 994 2582 pervigil
1017 2509 1119 2564 contra
1139 2507 1233 2582 sospi-

211 2598 303 2654 tatem
326 2597 357 2653 et
372 2593 558 2654 voluntatem
574 2611 658 2652 suam
674 2611 790 2668 semper
804 2598 967 2669 permanet.
997 2593 1095 2654 Homo
1110 2613 1233 2671 quoquc

210 2703 278 2743 cum
303 2683 426 2759 dormit,
456 2683 486 2741 in
510 2681 569 2741 olio
591 2681 658 2742 visu
681 2684 727 2741 est
749 2701 840 2758 quam
866 2701 934 2742 cum
960 2683 1076 2760 vigilat,
1110 2687 1141 2743 st
1162 2685 1232 2745 idco

210 2791 278 2833 cum
301 2776 370 2848 post
392 2771 600 2830 dormitionem
624 2770 754 2848 evigilat,
788 2773 858 2848 quia
877 2776 951 2832 ωηο
981 2772 1013 2830 in
1034 2790 1141 2848 sopore
1161 2773 1232 2847 fuit,

210 2861 278 2920 visu
309 2879 362 2920 suo
391 2861 557 2919 claritatem
589 2860 648 2919 cito
681 2878 785 2936 capere
812 2879 871 2919 non
902 2864 1014 2937 potest,
1046 2865 1077 2921 et
1107 2879 1177 2921 cnm
1198 2863 1233 2922 in

168 2948 338 3009 eotenebris
361 2952 419 3024 est,
442 2949 567 3008 eundem
589 2949 700 3020 visum,
729 2967 817 3025 quem
839 2949 870 3008 in
892 2949 1021 3010 tenebris
1043 2950 1163 3028 habuit,
1192 2953 1233 3011 ad

210 3038 374 3098 cleritatem
397 3038 458 3098 cito
481 3041 652 3098 convertere
674 3057 734 3098 non
754 3037 843 3100 valet.
881 3038 980 3098 Simili
1001 3039 1098 3116 modo,
1122 3040 1232 3116 quiin

210 3128 343 3187 claritate
374 3131 427 3202 est,
459 3127 557 3186 visum
585 3145 673 3186 suum
704 3125 741 3186 ad
772 3128 866 3186 elium
888 3128 1011 3188 modurn
1037 3129 1069 3187 in
1100 3129 1230 3190 tenelris

209 3217 330 3293 repente
371 3221 544 3292 retorquere
594 3220 694 3289 (non)
741 3220 854 3294 potest,
897 3217 954 3277 nisi
992 3221 1061 3293 post
1097 3219 1230 3295 aliquam

209 3323 338 3378 moram,
370 3306 454 3365 velut
477 3323 545 3364 cum
572 3303 661 3363 homo
684 3305 774 3365 verbe
796 3306 926 3366 exterius
953 3309 1052 3380 sonat,
1085 3309 1228 3385 cogitatio

170 3405 198 3453 at
211 3395 336 3455 interius
359 3395 441 3457 latet.

276 3484 321 3544 Dc
344 3485 493 3548 coemtio.
537 3483 686 3544 Masculus
709 3487 822 3560 autem,
855 3483 908 3560 qui
935 3484 967 3542 in
996 3501 1119 3560 corpore
1141 3503 1228 3546 sanus

210 3576 261 3648 est
293 3573 318 3634 si
349 3573 402 3633 diu
432 3573 570 3633 ambulat
598 3577 652 3633 aut
682 3573 707 3632 si
739 3573 792 3633 diu
820 3577 934 3633 erectus
967 3575 1040 3650 stat,
1072 3574 1141 3634 inde
1168 3595 1228 3636 non
