2668 3924
351 211 494 267 CAUSAE
511 212 559 267 m·
576 211 699 267 CURAE
716 213 784 269 LlB.
802 213 851 268 IV.
1054 218 1116 278 189

99 398 191 468 Quod
214 397 240 456 si
255 397 384 456 calorem
399 397 470 456 solis
484 417 544 456 uon
558 397 706 471 habuerit,
717 398 748 455 in
764 397 859 456 lenem
874 399 997 457 ventum
1012 403 1065 456 aut
1080 397 1118 458 ad

97 489 197 547 leuem
210 506 313 545 auram
323 490 423 563 ponat
434 489 471 544 ut
481 488 614 546 suaviter
625 487 795 549 exsiccetur.
817 485 891 545 Nam
902 487 1117 564 caloragrimo·

96 577 167 635 niae
183 579 214 634 et
229 577 309 634 calor
323 577 467 653 galangae
482 579 513 635 et
528 577 625 634 virtus
640 576 763 634 storacis
783 579 814 634 et
828 577 909 635 calor
924 576 1072 652 polipodii
1084 595 1118 635 ac

96 666 181 724 calor
196 665 358 724 calidoniae
380 665 501 725 maioris
524 664 650 741 frigidos
664 664 812 740 humores,
835 665 871 724 de
887 665 995 741 quibus
1010 666 1118 742 flegma

96 756 130 813 in
144 755 265 812 homine
286 755 425 824 nascitur,
447 759 578 830 superat,
601 758 632 813 et
652 754 802 830 frigiditas
824 755 985 831 fenigraeci
1007 774 1041 814 ae
1063 755 1144 812 fri-s

11 837 12 928 ἐ
95 843 209 920 giditas
231 844 460 903 stortccnobclcs
486 844 583 920 frigus
609 843 770 902 eorundem
796 843 958 902 humorum
985 843 1117 919 dissipat.

11 1015 12 1020 η
96 933 156 992 Sed
178 935 211 991 et
233 933 376 992 celidonis
398 934 494 991 maior
514 933 655 993 humores
678 933 709 990 in
730 933 850 991 homine
872 933 1017 992 inundare
1037 932 1117 1007 facit,

11 1037 12 1082 ζ
97 1026 214 1081 ceterae
252 1026 353 1081 cutem
385 1022 535 1097 praefatae
566 1021 675 1081 herbae
709 1040 758 1080 eos
796 1023 937 1092 retinent,
976 1021 1117 1097 quatinus

95 1111 207 1170 leniter
229 1111 267 1170 ab
288 1111 408 1170 homine
430 1111 629 1187 egrediantur.
674 1111 714 1170 Et
729 1111 767 1169 ad
782 1111 874 1170 solem
896 1111 1020 1187 pillulae
1042 1110 1117 1170 istae

11 1205 12 1232 l
96 1201 332 1271 exsiccabuntur,
364 1201 508 1280 quoniam
534 1201 615 1259 calor
642 1201 705 1259 eius
733 1219 821 1259 senus
852 1203 913 1269 est,
944 1203 974 1259 et
996 1218 1055 1260 uon
1078 1199 1117 1258 ad
1132 1213 1159 1259 10

95 1291 199 1366 ignem
222 1289 374 1366 lignorum
397 1293 450 1348 aut
471 1289 608 1363 fornacis,
642 1289 722 1365 quod
755 1291 839 1366 ignes
872 1290 998 1349 istorum
1032 1289 1117 1364 quasi

97 1379 251 1438 defectum
273 1378 389 1452 habent,
411 1382 556 1454 quantum
580 1379 618 1436 ad
641 1378 710 1438 solis
733 1378 868 1441 calorem.
914 1377 990 1438 (lum
1018 1381 1117 1436 autem

96 1467 188 1526 homo
211 1467 263 1526 has
285 1468 406 1542 pillulm
437 1487 553 1526 sumere
579 1467 718 1541 voluerit,
750 1468 936 1528 stomachum
967 1487 1056 1528 suum
1087 1470 1117 1526 et

96 1560 236 1616 ventrem
259 1557 374 1633 agninis
396 1557 443 1615 vel
466 1557 531 1615 aliis
553 1556 682 1631 pellibus
705 1557 917 1634 circumponat,
945 1561 981 1617 ut
1003 1556 1117 1616 calidus

97 1646 162 1716 flet,
186 1647 327 1722 quoniam
349 1646 430 1705 calor
453 1665 554 1706 earum
578 1665 667 1704 sanus
690 1649 742 1721 est,
773 1650 804 1705 et
835 1665 893 1706 non
925 1647 1056 1706 multum
1070 1645 1116 1720 ,ad
1132 1661 1158 1704 rs

98 1736 203 1811 ignem
223 1736 348 1810 accedat,
372 1735 453 1812 quod
468 1754 559 1794 venae
579 1736 642 1793 eius
657 1735 833 1794 inflarentur
847 1739 877 1794 ct
892 1735 1012 1812 sanguis
1027 1753 1118 1810 supra

11 1855 12 1894 3
96 1823 223 1883 modum
246 1824 404 1883 inundaret
426 1828 457 1884 et
478 1825 523 1883 ita
544 1824 683 1884 humores
706 1824 737 1882 in
759 1823 904 1883 iniustum
928 1824 1040 1882 exitum
1068 1823 1116 1881 de-

97 1914 294 1986 ducerentur;
325 1913 376 1972 sed
409 1914 504 1973 calore
535 1913 663 1973 vestium
692 1915 798 1972 utatur
820 1917 851 1973 et
873 1913 932 1972 iem
956 1915 1022 1972 ante
1047 1912 1117 1971 solis

11 2015 12 2025 ¹
98 2004 203 2062 ortum
226 2020 273 2061 eas
295 2005 401 2071 sumat,
425 2002 506 2079 quod
528 2021 636 2061 aurora
658 2021 692 2061 eo
714 2005 846 2078 tempore
869 2002 968 2062 suavis
992 2005 1021 2060 et
1043 2000 1117 2060 lenis

97 2095 155 2151 est.
199 2091 240 2149 Et
260 2092 308 2150 rel
331 2092 465 2168 quinque
487 2092 536 2152 vel
558 2110 663 2151 novem
686 2091 806 2166 pillulas
821 2091 954 2168 accipiat,
977 2091 1022 2150 ita
1036 2090 1117 2166 quod
1130 2103 1158 2149 co

97 2199 341 2257 unamquamque
364 2181 539 2258 singillatim
562 2181 649 2240 melle
669 2181 783 2240 modice
798 2181 929 2258 intingat
943 2184 974 2240 et
987 2180 1118 2257 singilla-

96 2271 156 2330 tim
179 2270 300 2347 glutiat‚
324 2271 464 2346 qnoniam
487 2271 546 2328 mel
568 2270 698 2329 calidum
721 2272 751 2329 et
773 2270 859 2330 dulce
887 2274 944 2342 est3
978 2270 1059 2345 quod
1093 2269 1118 2327 si

97 2360 161 2418 mel
182 2378 243 2418 non
264 2359 410 2435 habuerit,
433 2361 464 2418 in
488 2359 546 2419 offa
569 2359 604 2418 de
627 2361 744 2419 triticeo
759 2378 834 2436 pane
850 2360 928 2418 facta
944 2358 1118 2436 singillatim

97 2449 130 2507 in
162 2449 288 2507 cocleari
319 2452 418 2507 sumet
442 2451 566 2524 propter
589 2447 697 2507 bonum
721 2467 855 2524 saporem
879 2449 1010 2508 eiusdem
1034 2446 1117 2507 offae.

99 2539 140 2596 Et
163 2556 231 2596 cum
247 2555 295 2597 eas
309 2538 476 2613 sumpserit,
500 2537 614 2597 modice
637 2543 667 2596 et
689 2538 834 2614 paulatim
850 2538 881 2596 in
896 2536 1037 2596 umbroso
1052 2536 1117 2594 loco
1131 2547 1159 2594 25

99 2631 130 2685 et
151 2645 212 2685 uon
234 2627 266 2684 in
297 2627 393 2686 calore
420 2627 490 2686 solis
512 2626 695 2702 deambulet,
726 2645 821 2702 usque
844 2626 916 2684 dum
939 2625 1117 2685 solutionem

98 2716 215 2788 sentiat,
247 2717 390 2792 quoniam
412 2717 492 2775 calor
515 2719 544 2775 et
567 2716 705 2792 splendor
737 2715 807 2775 solie
835 2715 973 2775 humores
1005 2713 1118 2774 cerebri

97 2807 129 2863 in
152 2805 296 2864 iniustum
320 2805 443 2865 modurn
466 2805 545 2864 forte
568 2806 735 2865 educerent.
783 2803 867 2864 Circa
894 2804 1021 2863 mediam
1048 2822 1118 2863 vero

99 2895 186 2966 diem,
209 2897 370 2970 postquem
393 2893 571 2954 solutionem
593 2895 624 2953 in
648 2913 678 2953 se
700 2894 832 2965 senserit,
859 2895 908 2953 vel
930 2893 956 2952 si
978 2913 1042 2952 eam
1066 2893 1117 2952 ob·

98 2983 207 3042 durato
229 2983 380 3043 stomacho
402 2984 533 3042 nondum
557 2984 663 3043 habere
686 2983 807 3060 poterit,
836 2984 968 3060 primum
991 2984 1038 3042 ius
1071 2982 1159 3041 volso

98 3072 322 3132 sobriuneulcm
356 3073 393 3131 de
426 3073 521 3132 farina
553 3073 668 3132 similae
702 3074 810 3132 factam
844 3074 969 3143 sorbeat,
1006 3075 1042 3130 ut
1065 3079 1118 3130 aut

99 3162 212 3221 viscera
234 3181 286 3237 per
309 3162 488 3222 solutionem
510 3164 657 3222 commota
688 3181 742 3237 per
774 3163 951 3222 suavitatem
985 3161 1117 3220 eiusdem

97 3250 173 3310 iuris
194 3251 243 3310 rel
270 3251 476 3310 sobriunculae
504 3255 644 3311 sanentur
678 3255 731 3310 aut
758 3251 916 3310 induratus
948 3248 1117 3310 stomachus

97 3340 155 3398 hoc
177 3340 264 3398 modo
287 3340 484 3403 mollificetur.

165 3429 242 3488 Item
265 3429 300 3489 de
322 3428 484 3505 sanguinis
504 3431 599 3502 nucu.
633 3424 656 3506 ¹)
665 3428 722 3488 Cui
754 3447 824 3507 ergo
857 3427 971 3487 multus
998 3426 1118 3502 sanguis
1131 3437 1159 3482 ³5

172 3627 193 3699 1)
213 3648 239 3683 v.
257 3629 375 3699 35-p.
396 3629 481 3696 leon
502 3649 536 3675 =
554 3627 651 3697 Migne
671 3627 740 3682 1158
759 3626 789 3681 O.
