2668 3924
230 187 292 244 242
614 176 860 234 HIhDEGARDIS

228 364 329 442 diligit
351 366 439 440 etque
461 382 551 424 novos
575 366 605 423 et
626 363 778 423 instabiles
801 361 933 424 homines
957 363 1063 442 diligit,
1085 366 1160 425 etin
1175 384 1241 425 cor·

227 473 299 530 pore
329 472 488 515 venenosos
515 454 652 513 humores
679 453 766 512 facile
793 452 882 513 habet
911 456 942 514 et
971 454 1014 513 ite
1041 473 1127 530 seepe
1158 455 1240 514 infir-

228 546 328 603 metur
360 546 390 602 et
420 563 478 602 non
510 543 563 602 diu
595 543 683 603 vivet.
728 541 760 602 si
783 546 883 603 cutem
910 543 1019 603 femina
1040 548 1098 617 est,
1124 547 1243 619 ycmcch

229 636 260 692 et
291 652 368 694 vene
401 633 458 691 erit
491 635 521 692 et
553 633 585 691 in
613 633 746 692 moribus
781 634 811 692 et
843 633 875 691 in
908 636 995 711 gestu
1029 652 1083 693 eno
1115 638 1182 710 post
1214 654 1247 695 se

202 723 308 782 cviros
335 722 458 795 seducit,
491 725 521 782 et
551 722 582 780 in
612 721 762 782 stomacho
798 722 885 782 facile
915 723 1082 782 infirmatur
1121 727 1152 783 et
1190 724 1246 784 diu

229 831 288 872 non
310 812 399 875 vivet.

295 901 389 962 Leuc
405 901 564 964 tricesima.
605 901 663 973 Qui
685 901 717 960 in
739 901 887 962 tricesima
908 901 981 962 lune
1008 901 1188 978 concipitur,
1218 905 1244 963 si

230 992 376 1052 masculus
392 994 444 1068 est,
456 1010 570 1068 pauper
582 992 648 1067 erit,
661 994 691 1050 et
702 991 728 1050 si
739 990 846 1051 nobilis
858 994 909 1063 est,
922 1010 1037 1067 semper
1049 992 1086 1051 cd
1102 992 1247 1052 inferiore

229 1081 384 1142 descendet
405 1100 458 1141 nec
480 1081 654 1141 felicitatem
675 1081 804 1157 hebebit,
825 1084 856 1140 et
877 1081 908 1141 in
931 1101 1060 1158 corpore,
1084 1082 1199 1142 viribus
1216 1087 1248 1143 et

190 1183 217 1229 10
230 1191 315 1231 carne
338 1171 424 1231 focile
447 1170 556 1247 deficit,
590 1169 639 1230 sed
662 1171 734 1230 satis
757 1171 810 1231 diu
837 1171 926 1235 vivet.
972 1169 1003 1231 Si
1032 1190 1102 1231 vero
1133 1171 1249 1232 femine

230 1263 281 1337 eet,
309 1279 421 1338 pauper
444 1261 501 1319 erit
523 1262 554 1319 et
575 1261 735 1321 wcrtselicb
762 1260 793 1318 in
820 1261 949 1336 infernis,
982 1264 1013 1320 et
1042 1280 1110 1320 cum
1142 1262 1249 1322 alienis

229 1351 398 1410 hominibus
424 1350 565 1409 libentius
597 1353 641 1411 est
664 1369 754 1427 quem
776 1369 844 1410 cum
866 1350 958 1423 notis;
981 1354 1011 1410 et
1033 1370 1091 1410 non
1113 1352 1247 1412 multum

229 1441 346 1500 infirma
367 1441 398 1498 in
421 1458 542 1516 corpore
565 1439 621 1500 erit
643 1444 673 1499 et
696 1441 766 1499 satis
789 1441 841 1500 diu
863 1440 952 1501 vivet.

298 1529 443 1608 [Quarum
471 1526 635 1608 picearum
665 1530 771 1590 habac
805 1531 910 1603 quibus
942 1531 1023 1590 ceris
1054 1532 1242 1594 conveniunt.

191 1633 216 1677 15
229 1619 314 1678 Senis
337 1622 367 1678 et
388 1621 507 1696 repente
529 1618 747 1678 infirmantibus
770 1619 869 1678 herbis
885 1620 916 1678 in
932 1620 1043 1679 oriente
1058 1620 1247 1682 nascentibus

229 1708 460 1770 succurrendum
482 1711 534 1786 est,
566 1709 763 1769 melancolicis
786 1713 816 1768 et
842 1710 933 1768 latere
956 1709 1123 1770 dolentibus
1145 1709 1248 1773 herbis

229 1799 261 1858 in
294 1799 443 1859 occidente
475 1799 662 1859 nascentibus
697 1798 931 1859 subveniendum
966 1803 1017 1876 est,
1051 1800 1183 1876 paralysi
1217 1805 1249 1861 et
1313 1795 1314 1842 ἶ

229 1889 358 1948 fortibus
381 1888 512 1949 febribus
535 1889 689 1948 cotidianis
713 1888 890 1966 dolentibus,
913 1890 1059 1962 tertianis,
1091 1892 1245 1967 quartanis
1313 1913 1314 1941 i

230 1981 260 2038 et
292 1979 323 2038 in
355 1978 505 2039 stomacho
536 1978 704 2038 dolentibus
735 1977 832 2038 herbis
861 1979 893 2037 in
924 1982 1024 2039 custro
1056 1980 1246 2041 nascentibus

97 2105 100 2112 ·
189 2069 462 2130 sosubveniendum
484 2070 536 2141 est,
559 2068 709 2128 freneticis
732 2069 815 2128 etin
837 2069 933 2128 iecore
956 2069 1123 2129 dolentibus
1144 2069 1246 2130 herbis

231 2159 262 2218 in
285 2159 423 2234 aquilone
444 2158 630 2218 nascentibus
653 2158 884 2218 succurrendum
908 2161 962 2220 est.

297 2250 345 2308 Dc
375 2249 571 2322 conceptionis
600 2248 779 2310 diversitate.
830 2247 889 2317 Qui
920 2248 956 2308 de
985 2249 1072 2326 nigro
1103 2249 1248 2326 sunguine

230 2337 370 2415 nascitur,
400 2358 474 2416 puer
495 2339 555 2398 cito
583 2337 694 2397 incedit
720 2337 844 2413 pedibus
875 2340 905 2398 et
933 2339 991 2398 cito
1018 2338 1162 2416 loquitur,
1193 2342 1247 2399 sed

232 2429 343 2488 stultus
366 2432 464 2488 estet
487 2427 620 2487 difficiles
643 2445 739 2488 mores
753 2427 851 2504 habet,
875 2429 944 2488 etsi
959 2427 1167 2501 infirmabitur,
1191 2427 1247 2488 diu

94 2580 96 2584 ,
192 2529 219 2576 25
232 2519 409 2596 languescet,
443 2517 523 2595 quod
554 2517 638 2596 niger
670 2517 791 2596 sanguis
821 2517 931 2578 livosus
959 2520 1004 2578 est
1026 2521 1057 2578 et
1078 2522 1248 2594 pestuosus.

231 2607 339 2680 Infans,
363 2608 416 2685 qui
440 2607 476 2667 de
497 2608 589 2666 rubeo
613 2606 757 2684 sunguine
784 2607 924 2680 nescitur,
957 2608 1045 2668 citius
1073 2607 1184 2668 incedit
1217 2613 1249 2669 et
1311 2619 1312 2639 ³

233 2697 320 2757 citius
350 2697 487 2774 loquitur
519 2716 609 2774 quam
638 2697 690 2756 ille
722 2697 759 2756 de
791 2697 877 2775 nigro
910 2698 1064 2776 sanguine,
1097 2701 1127 2758 et
1160 2699 1249 2758 velox

232 2787 263 2845 in
293 2805 381 2847 cursu
412 2790 457 2847 est
486 2789 517 2846 et
548 2787 720 2863 repentinus
751 2786 783 2846 in
814 2787 947 2847 moribus
974 2787 1035 2848 suis
1068 2789 1099 2845 ct
1127 2787 1186 2848 cito
1215 2789 1247 2848 in

232 2876 292 2936 illis
324 2880 416 2937 cessat
447 2881 478 2937 et
504 2895 563 2936 non
593 2876 645 2935 diu
671 2878 805 2954 languet,
836 2877 886 2936 sed
918 2877 977 2936 cito
1011 2877 1190 2938 convalescit
1218 2881 1249 2938 et

192 2965 362 3043 eoprudens
385 2967 451 3030 erit.

322 3057 441 3116 Rcbccs
462 3057 588 3132 sanquis
609 3073 713 3117 eecce.
759 3055 867 3132 Infans,
891 3057 944 3134 qui
960 3055 996 3115 de
1010 3056 1103 3131 spisso
1120 3059 1151 3116 et
1166 3059 1248 3116 recte

233 3147 363 3206 colorato
386 3146 528 3224 sanguine
549 3147 690 3224 nascitur,
711 3146 832 3224 pinguis
854 3147 886 3206 in
909 3165 1031 3222 corpore
1054 3146 1111 3206 erit
1133 3147 1164 3205 et
1186 3147 1249 3207 cito

233 3236 359 3313 incedet,
391 3236 417 3296 ei
438 3255 510 3312 pree
531 3237 609 3296 mole
632 3255 754 3312 corpore
781 3239 892 3313 posset3
926 3237 956 3296 et
987 3253 1075 3296 sonus
1105 3237 1162 3312 est,
1195 3237 1249 3296 sed

234 3329 264 3385 et
286 3326 421 3386 manibus
444 3327 502 3386 cito
526 3329 624 3402 reptat
646 3329 677 3386 et
698 3345 757 3385 non
779 3325 832 3385 diu
854 3327 976 3404 languet
998 3330 1028 3386 et
1043 3325 1172 3402 prudens
1190 3326 1251 3386 erit

194 3426 222 3472 35
235 3417 266 3475 et
286 3416 380 3493 utilis,
403 3418 434 3476 et
456 3416 575 3494 sengrris
598 3417 653 3477 iste
676 3433 764 3476 senus
779 3418 831 3478 est.
869 3416 976 3492 Infans,
1000 3415 1053 3493 qui
1075 3416 1111 3475 de
1134 3433 1249 3492 equoso

235 3508 264 3564 et
286 3506 370 3566 tenui
392 3507 535 3584 sauguine
558 3507 699 3578 nescitur,
721 3524 833 3566 vacuus
855 3505 887 3564 in
908 3506 1031 3566 scientia
1052 3508 1097 3565 est
1119 3506 1150 3564 et
1162 3504 1248 3566 labo·

235 3615 300 3655 rere
322 3615 381 3656 non
402 3599 500 3674 potest
522 3600 551 3657 et
574 3597 661 3657 facile
682 3596 882 3656 infirmabitur
909 3614 962 3655 nec
990 3594 1075 3655 facile
1096 3595 1248 3672 irascitur,
