2680 3938
195 130 235 188 28
581 121 826 179 HILDEGARDIS

193 307 332 378 voluerit,
356 308 434 383 ipsas
450 307 581 384 primum
597 311 706 384 coquat
720 310 751 367 et
765 306 940 384 refrigerari
956 307 1114 382 permittat
1128 310 1158 367 et
1174 309 1219 369 sic

194 396 290 470 bibat3
314 398 399 471 panis
421 400 522 457 autem
544 400 575 456 et
597 396 680 457 cibus
703 398 793 473 atque
809 396 960 472 cerevisia,
983 416 1058 472 quae
1081 415 1149 456 oum
1175 399 1218 458 eis

195 489 373 561 coquuntur,
397 485 583 562 aliquantum
606 486 684 546 sumi
708 489 844 562 possunt,
869 485 939 561 quia
954 485 1023 562 igne
1037 489 1218 562 purgantur.

193 575 281 634 Putei
304 578 402 634 autem
431 581 461 635 et
487 575 624 636 salientes
647 576 752 650 fontes,
780 575 834 650 qui
864 574 900 633 11
923 573 1082 650 paludibus
1104 575 1216 652 fluunt,

153 676 168 720 5
196 664 383 738 aliquantum
414 665 551 725 meliores
581 664 647 724 aliis
677 665 763 740 aquis
789 663 936 739 paludum
959 667 1037 740 sunt,
1070 666 1216 739 quemad·
1321 644 1328 697 ¹·

195 753 317 812 modum
340 753 376 812 11
399 753 579 829 quibusdam
604 753 766 812 immundis
796 752 885 812 rebus
912 753 1024 812 111111
1045 753 1130 816 fiunt.
1176 754 1218 813 Et

195 841 227 900 hi
250 841 436 918 aliquantum
459 843 523 918 pati
545 845 678 918 possunt,
710 841 762 901 111
787 843 886 900 tamen
909 861 967 901 uon
991 843 1120 902 multum
1144 841 1217 902 boni
1328 834 1333 845 ’

195 945 249 990 111
271 931 402 991 multum
424 933 515 991 utiles
539 934 618 994 sunt.
663 930 720 990 Sed
743 949 842 990 omnes
866 950 967 1007 aquae,
991 951 1067 1007 quae
1090 931 1121 990 in
1144 937 1218 992 ortu

195 1039 249 1080 suo
267 1020 394 1080 orientes
409 1021 529 1080 nocivae
545 1024 622 1096 sunt,
637 1022 748 1096 quanto
763 1019 881 1097 longius
897 1020 934 1078 ab
951 1023 1021 1080 ortu
1036 1039 1090 1080 sno
1105 1020 1217 1097 fluunt,
1337 1017 1339 1023 ’

155 1118 182 1162 10
194 1111 277 1168 tanto
300 1110 430 1169 saniores
446 1109 529 1181 fiunt,
553 1109 624 1185 qnia
639 1110 735 1168 multo
753 1111 783 1168 11
797 1109 887 1186 longo
908 1127 998 1168 cursu
1013 1127 1055 1185 ea,
1079 1127 1156 1184 quae
1179 1110 1215 1169 in

195 1217 225 1259 se
257 1198 363 1257 nociva
396 1202 426 1258 et
456 1217 601 1258 venenosa
624 1201 702 1274 sunt,
732 1199 863 1273 perdunt
891 1201 921 1257 et
944 1198 980 1257 ab
1004 1199 1045 1258 eis
1067 1198 1158 1276 longo
1183 1203 1217 1258 et
1338 1205 1340 1235 l

195 1288 339 1347 diuturno
363 1290 464 1346 meatu
492 1290 666 1347 exercentur
697 1290 726 1346 at
753 1287 958 1363 purificantur.
1003 1287 1092 1364 Aqua
1113 1289 1218 1347 autem

195 1378 364 1451 puteorum,
397 1377 450 1452 qui
471 1376 502 1435 in
525 1380 635 1436 terram
659 1376 748 1436 altius
774 1376 848 1436 fossi
874 1380 953 1452 sunt,
984 1377 1028 1435 ita
1050 1376 1131 1452 quod
1153 1380 1218 1436 stat

195 1468 225 1524 et
247 1469 380 1525 meatum
403 1465 542 1525 effluendi
571 1465 750 1537 nonhabet,
782 1465 888 1524 melior
916 1468 946 1524 et
968 1465 1087 1526 suavior
1110 1469 1154 1526 est
1177 1466 1217 1524 11
1336 1508 1338 1536 ,

154 1561 181 1607 15
195 1553 304 1630 cibum,
327 1555 364 1613 11
387 1557 493 1630 potum
517 1558 606 1632 atque
630 1556 668 1615 11
690 1554 821 1630 reliquos
846 1572 918 1614 usus
943 1553 1097 1613 hominum
1122 1574 1215 1631 quam

193 1662 270 1719 aqua
292 1644 463 1704 salientium
485 1645 629 1720 fontium,
653 1644 706 1719 qni
728 1643 863 1704 effluunt.
908 1643 949 1702 Et
974 1647 1019 1704 est
1051 1647 1088 1702 ut
1122 1663 1213 1704 suave

192 1737 381 1810 unguentum
402 1733 440 1792 11
463 1735 714 1810 comparationem
736 1733 866 1792 salientis
888 1737 918 1791 et
941 1732 1090 1792 effluentis
1113 1734 1213 1810 fontis,

193 1823 341 1900 qnoniam,
371 1823 443 1882 durn
474 1842 533 1882 non
564 1823 673 1894 effluit,
704 1821 821 1898 saepius
851 1821 935 1881 suavi
962 1823 1106 1897 temperie
1134 1824 1214 1882 aeris

192 1915 386 1988 temperatur.
430 1913 518 1987 Aqua
541 1913 619 1971 enim
642 1911 812 1970 salientium
834 1910 964 1970 fontium
987 1930 1090 1986 aspera
1113 1915 1161 1972 111
1184 1915 1215 1972 11
1337 1966 1338 1976 ,

154 2003 353 2077 assperitate
375 2019 429 2060 sua
451 2000 523 2060 cibis
546 2001 668 2073 resistit,
697 1999 741 2059 111
764 1999 844 2076 quod
870 2001 1047 2077 perignem
1068 2001 1119 2060 vix
1140 2001 1213 2060 mol·
1337 2025 1338 2030 ¹

192 2089 243 2148 liri
275 2093 401 2166 possunt
432 2108 486 2149 neo
514 2090 601 2149 facile
634 2090 730 2166 coqui.
777 2089 816 2148 Et
845 2089 916 2165 quia
949 2092 1078 2166 purgate
1107 2093 1152 2149 ast
1183 2093 1214 2148 et

192 2197 277 2253 pura,
310 2196 416 2254 paucas
453 2197 573 2254 spumas
600 2178 697 2254 habet,
733 2181 763 2238 11
796 2178 862 2238 1111
891 2178 981 2238 etiam
1007 2179 1212 2238 tantominus

193 2267 274 2327 cibos
298 2273 410 2345 purgat
433 2271 463 2327 et
485 2270 569 2327 tanto
584 2269 683 2327 minus
698 2266 756 2326 cibi
778 2287 832 2343 per
855 2287 917 2327 eam
934 2271 1111 2345 purgantur,
1133 2268 1213 2327 11111

193 2375 247 2432 per
263 2356 335 2415 alias
359 2375 450 2432 aquas
466 2357 524 2415 cibi
540 2358 635 2416 solent
649 2357 782 2434 purgari,
806 2357 858 2432 qui
874 2357 964 2417 etiam
978 2375 1032 2434 per
1048 2356 1211 2417 coctionem
1334 2409 1338 2427 ,

152 2454 179 2498 25
194 2446 353 2504 earundem
382 2464 529 2522 aquarum
550 2450 729 2524 purgantur.
773 2445 848 2506 Nam
871 2465 957 2523 aqua,
984 2465 1060 2522 quae
1084 2445 1120 2504 11
1143 2446 1210 2505 sali·

194 2535 311 2595 entibus
332 2535 467 2594 fontibus
490 2535 566 2611 fluit,
589 2535 731 2613 gracilior
754 2538 784 2594 at
805 2536 909 2611 purior
932 2537 977 2594 est
1000 2535 1085 2610 aquis
1108 2534 1208 2595 flumi-

193 2644 273 2696 num,
297 2625 378 2700 quod
402 2628 454 2684 aut
476 2626 556 2683 terra
579 2628 632 2685 aut
655 2644 743 2684 arena
766 2628 819 2684 aut
834 2625 991 2701 lapidibus,
1014 2624 1067 2683 ubi
1089 2624 1157 2684 salit
1179 2628 1211 2684 et

193 2713 296 2789 effluit,
329 2716 479 2790 purgatur
510 2716 540 2773 et
571 2733 647 2790 pura
678 2714 720 2776 fit.
770 2713 811 2772 Et
842 2715 878 2773 11
906 2714 1069 2773 bibendum
1095 2713 1210 2772 homini

198 2802 327 2878 prodest,
359 2803 431 2878 quia
463 2804 622 2864 emundata
645 2807 698 2876 est,
728 2807 759 2862 et
787 2803 877 2862 etiam
899 2821 1004 2880 aspera
1032 2806 1078 2864 est
1103 2821 1137 2862 ac
1159 2802 1211 2861 ali·

151 2897 180 2944 ³0
195 2895 340 2967 quantum
362 2891 432 2953 vino
455 2893 597 2953 associata
618 2893 650 2952 in
672 2891 785 2952 viribus
809 2891 877 2967 suis,
904 2892 955 2952 111
978 2891 1043 2951 oibo
1067 2891 1150 2952 obest
1171 2891 1210 2950 11

197 2980 410 3040 comedendum
444 2985 474 3041 et
504 2983 596 3043 oeulis
625 2982 662 3040 11
690 2980 849 3041 lavandum
879 2999 934 3056 pro
966 2982 1123 3057 asperitate
1146 3000 1208 3041 sua.

192 3071 296 3145 Aquae
320 3074 419 3131 autem
443 3072 613 3147 fluminum,
637 3090 712 3146 quae
731 3088 821 3144 super
836 3073 946 3128 terram
961 3070 1069 3145 fluunt,
1089 3069 1208 3146 spissae,

192 3158 266 3234 quia
285 3160 346 3219 sole
373 3163 404 3220 et
431 3180 497 3220 aere
520 3160 749 3237 perfunduntur,
780 3161 810 3218 et
838 3159 1026 3234 aliquantum
1053 3176 1207 3235 spumosae

191 3252 262 3308 1111
284 3252 314 3309 11
336 3268 396 3309 111
418 3269 504 3309 sanae
528 3251 567 3309 ad
590 3247 759 3320 bibendum,
785 3248 925 3324 quoniam
949 3249 1065 3309 diversa
1079 3248 1208 3325 qualitas

150 3339 267 3397 3511111
290 3340 320 3398 11
342 3339 554 3398 elementorum
569 3338 610 3397 eis
628 3337 842 3414 commiscetur,
866 3340 896 3397 et
919 3339 991 3414 quia
1006 3339 1095 3397 etiam
1111 3340 1204 3413 furno,

190 3427 222 3486 id
250 3430 295 3486 est
322 3427 436 3498 doume,
472 3444 506 3485 ao
534 3426 658 3501 nebulis,
691 3445 767 3502 quae
800 3426 835 3486 11
868 3427 1047 3502 quibusdam
1081 3426 1205 3486 infirmis

191 3514 344 3576 montibus
368 3514 557 3591 descendunt,
580 3515 762 3590 inficiuntur,
790 3517 820 3575 11
842 3516 931 3575 etiam
955 3515 1203 3591 1111111111111,
