2662 3932
378 189 521 246 clusus
540 189 586 244 us
602 189 728 245 CURAE
746 190 813 244 LlB.
833 190 866 244 Il.
1064 193 1127 252 159

104 375 260 435 modicam
282 375 386 434 horum
417 375 536 434 fortiter
566 375 699 434 laborare
731 377 868 450 possunt,
901 373 951 432 red
979 373 1010 432 in
1032 371 1132 431 lebore

105 467 221 524 (lurore
256 483 315 524 non
349 467 488 539 possunt,
526 465 667 541 quonism
703 481 770 522 cero
808 481 912 522 eorum
945 462 1132 538 aliquantum
1157 517 1160 524 .

105 558 218 630 operte
239 556 285 614 est
308 556 338 612 eb
360 553 445 628 quasi
477 553 578 629 bepidn
609 557 640 612 eb
668 571 759 611 venue
793 571 895 612 eorum
923 552 1036 628 largius
1067 570 1131 612 con·

108 644 238 704 strictus
273 643 351 705 sunt.
405 642 446 701 uc
477 642 619 719 quonium
655 660 786 700 meorum
818 641 980 700 medullam
1015 640 1131 714 hebent,

105 733 217 792 arvina
247 751 350 791 eorum
382 733 466 791 tento
498 731 617 791 tenuior
648 734 679 790 el
716 730 840 790 debilior
870 731 921 790 est.
979 728 1037 800 Qui
1065 739 1159 789 cums

103 821 263 882 inberdum
287 820 404 892 sudent,
427 820 518 880 sudor
540 821 591 880 ille
615 820 674 880 cilo
698 837 798 879 onmes
813 819 941 878 hominis
959 817 1042 877 illius
1065 837 1130 894 per·

105 911 236 985 transis,
270 909 342 986 quie
374 911 561 986 aliquantum
592 914 710 986 apertae
742 911 825 980 sunl,
857 927 890 968 ec
917 909 961 968 its
987 907 1132 982 plurimos

105 1001 321 1076 pediculosin
345 1002 554 1075 surreperet,
587 999 640 1075 qui
672 1002 755 1059 extre
781 998 931 1058 hominem
960 997 1047 1056 illum
1077 997 1131 1054 im·

108 1089 268 1148 moderate
299 1089 457 1150 ebulliunt.
501 1089 540 1146 ut
570 1087 636 1148 ideo
666 1087 800 1148 homines
828 1087 882 1146 issi
911 1105 971 1146 non
1001 1086 1132 1144 mullum

107 1178 225 1238 debiles
258 1180 329 1237 sunt
358 1181 388 1237 et
420 1177 607 1254 aliquamdiu
635 1177 735 1237 vivere
769 1179 901 1252 possunt.
950 1175 1013 1234 Alii
1042 1175 1132 1234 etism
1147 1185 1173 1230 10

106 1267 247 1328 homines
278 1270 360 1338 sunt,
400 1267 493 1343 (qui)
524 1284 627 1344 grosse
657 1284 723 1326 osso
753 1270 783 1326 et
809 1267 941 1326 membru
963 1270 994 1324 et
1015 1282 1132 1341 grossas

106 1375 201 1417 venus
223 1355 333 1415 hubent
356 1363 386 1415 eb
407 1356 532 1430 spissum
552 1374 586 1414 so
607 1355 751 1433 pinguem
777 1354 951 1430 medullam,
982 1355 1026 1414 iu
1052 1352 1132 1430 quod

108 1465 180 1506 osse
215 1463 319 1506 eorum
350 1447 420 1504 sunt
453 1446 540 1520 plene
574 1444 713 1504 ardentis·
735 1444 894 1518 medullae,
930 1463 964 1504 ec
998 1444 1065 1502 ideo
1096 1443 1132 1502 do

108 1534 306 1612 spissitudine
345 1537 375 1594 et
407 1534 588 1610 pinguedine
622 1552 655 1593 ec
689 1534 725 1592 de
762 1534 946 1610 plenitudine
985 1533 1133 1593 medullae

108 1624 278 1701 prudentes
301 1623 540 1700 obprobium,
567 1625 598 1682 el
620 1641 688 1682 cero
711 1641 815 1683 eorum
838 1623 925 1682 fortis
949 1625 979 1682 et
1000 1623 1172 1698 aliquan-15

110 1715 218 1774 tulum
233 1712 308 1771 dure
330 1718 361 1772 eb
375 1713 482 1782 clsuss,
499 1712 665 1788 quieveris
681 1712 790 1772 strictis
807 1711 1029 1788 conslringibur.
1056 1709 1132 1768 Nem

112 1809 152 1862 ub
176 1805 239 1861 rete
255 1801 311 1862 sibi
326 1802 453 1861 invicem
469 1802 654 1876 complexum
669 1803 721 1876 est,
745 1801 786 1860 sic
802 1801 892 1860 etium
907 1819 999 1860 venae
1014 1799 1071 1860 sibi
1086 1801 1129 1858 in·

109 1893 211 1952 vicem
225 1910 279 1967 per
293 1894 393 1951 lotum
409 1909 517 1966 corpus
528 1890 656 1950 hominis
669 1891 837 1966 complesse
847 1893 925 1949 sunt.
940 1889 980 1948 ut
992 1889 1132 1965 quonism

111 1999 183 2042 cero
208 1999 313 2039 eorum
336 1981 557 2057 aliquantulum
584 1981 670 2039 fortis
700 1982 730 2038 et
758 1980 833 2037 dure
860 1982 911 2054 est,
928 1977 1079 2037 modicum
1102 1981 1132 2036 et

112 2075 238 2131 tenuem
250 2069 391 2130 sudorem
402 2069 552 2145 emitbunt,
569 2069 640 2145 quie
652 2087 770 2145 grossae
782 2071 812 2128 et
820 2069 913 2127 sorbes
924 2086 1015 2127 venae
1027 2085 1127 2126 cernes
1140 2073 1170 2120 20

112 2161 238 2219 illorum
246 2158 290 2218 ils
299 2159 517 2236 constringunt,
525 2159 606 2235 quod
618 2158 735 2234 parcius
743 2157 882 2218 sudorem
889 2157 1039 2218 emittunt.
1049 2155 1133 2215 Tune

115 2269 152 2308 ex
175 2247 380 2307 habundantio
400 2251 430 2307 et
441 2248 539 2307 calore
552 2247 699 2306 medullae
720 2250 751 2306 eb
762 2265 797 2306 ex
812 2247 1015 2306 habundantio
1029 2245 1132 2305 humo·

112 2358 191 2408 rum,
204 2337 297 2413 quiin
307 2337 369 2396 illis
380 2340 458 2412 sunt,
470 2337 541 2413 quie
552 2355 706 2412 erumpere
717 2354 777 2395 non
788 2338 919 2414 possunt,
934 2336 1044 2411 arvino,
1057 2354 1132 2412 quoe

113 2428 147 2486 in
170 2427 211 2486 eis
234 2431 286 2498 est,
315 2426 536 2502 aliquantulum
559 2427 590 2484 in
612 2425 752 2484 ruborem
775 2425 929 2503 sanguinis
951 2425 1080 2484 vertitur
1103 2426 1133 2482 et

113 2515 233 2575 infirmo
254 2519 299 2575 est
314 2520 344 2575 eb
360 2534 419 2574 nou
433 2533 510 2589 sene,
526 2515 570 2574 iu
581 2515 662 2590 quod
678 2515 802 2590 plurimi
817 2513 949 2591 pediculi
964 2515 994 2572 iu
1011 2531 1128 2576 encres·
1143 2519 1172 2565 25

116 2607 199 2680 cunt,
211 2605 264 2680 qui
276 2603 312 2664 de
324 2605 461 2664 carnibus
473 2605 595 2664 illorum
607 2604 685 2663 exire
696 2622 756 2662 non
768 2607 900 2679 possunt,
916 2602 967 2662 sed
983 2603 1014 2660 iu
1030 2602 1133 2661 errius

114 2695 168 2753 illa
184 2699 337 2754 remanent
361 2698 391 2754 et
414 2713 477 2752 eem
492 2693 605 2768 ubique
620 2693 774 2769 perforent
796 2696 826 2752 el
846 2691 1012 2756 comedunt.
1046 2689 1132 2752 Unde

113 2783 249 2842 homines
272 2783 318 2842 illi
341 2783 472 2841 mullum
494 2782 619 2842 interius
641 2783 672 2840 in
695 2800 817 2857 corpore
841 2781 943 2840 dolent
964 2780 1131 2851 nescientes,

115 2873 196 2930 unde
218 2872 346 2944 doleant,
370 2875 401 2932 el
415 2872 493 2932 terdi
515 2876 586 2931 sunl
607 2872 637 2929 in
660 2872 744 2930 nullo
768 2870 906 2931 delectati
929 2889 963 2929 so
982 2869 1131 2928 modicum

115 2962 276 3022 comedunt
302 2965 333 3021 cl
359 2979 444 3038 seepe
471 2961 612 3020 deficiunt
641 2960 673 3018 in
699 2960 787 3020 eorde
815 2963 845 3019 eb
871 2961 902 3018 in
928 2959 1043 3019 viribus
1071 2959 1173 3018 suis³⁰

116 3055 207 3128 etque
229 3051 376 3126 pallidum
399 3051 526 3110 colorem
548 3051 579 3109 in
602 3050 677 3110 facie
703 3049 826 3122 habent3
857 3049 910 3125 qui
933 3049 1014 3108 color
1033 3051 1132 3107 temen

115 3141 185 3216 plus
207 3140 311 3199 viridis
334 3160 424 3216 quem
447 3157 564 3200 cerosus
587 3143 720 3214 epperet.
761 3138 801 3197 El
822 3138 854 3196 hi
877 3138 930 3196 diu
951 3137 1051 3196 vivere
1073 3155 1130 3195 non

115 3232 247 3305 possunt,
279 3229 329 3288 sed
353 3229 412 3288 cito
435 3229 613 3299 moriuntur,
646 3229 717 3304 quin
749 3228 852 3286 arvina
874 3246 991 3300 eorum,
1022 3227 1065 3286 ite
1096 3228 1132 3284 ut

116 3320 284 3395 praefatum
308 3321 361 3394 est,
384 3339 402 3376 o
423 3317 567 3393 pediculis
590 3317 716 3376 interius
739 3316 875 3376 laeditur.

184 3408 229 3466 De
251 3408 371 3467 calcula.
416 3407 514 3466 Homo
537 3410 646 3478 ¹utitem,
675 3407 728 3482 qui
755 3405 787 3463 in
813 3405 944 3480 perfecto
968 3407 1063 3463 aelate
1087 3406 1171 3462 esb⁸5

118 3499 147 3556 eb
169 3497 272 3556 molles
294 3515 393 3556 cernes
417 3500 507 3573 etque
529 3495 666 3554 humidas
688 3496 720 3554 in
748 3511 871 3569 corpore
901 3511 954 3552 suo
981 3493 1071 3552 hebel
1102 3495 1132 3550 et

117 3586 239 3662 iusuper
261 3586 384 3646 diversis
408 3586 481 3645 cibis
504 3588 535 3644 eb
557 3584 691 3643 delicatis
714 3601 829 3658 semper
851 3582 950 3640 ulitur
973 3586 1063 3656 etque
1086 3599 1131 3638 ro·

1122 3819 1325 3900 -xl
