2680 3938
402 185 612 282 causamur
631 186 751 242 GURAll
767 188 835 243 LlB.
855 188 889 242 Π.
1111 195 1150 254 41

128 375 177 434 ita
200 372 258 433 sibi
282 373 422 450 colligata
445 375 475 432 et
498 375 792 448 conseranensem,
822 372 903 449 quod
931 392 1093 450 numquam
1117 375 1153 434 ab

130 463 264 523 invicem
296 463 424 538 separari
457 465 592 537 possunt,
625 462 765 538 quoniam
792 462 871 538 ignis
893 480 953 521 non
975 467 1020 522 est
1043 464 1153 539 absque

134 571 203 612 aere
226 570 279 611 nea
301 571 352 611 aer
373 550 483 626 absque
507 570 585 627 equa
606 570 660 610 nea
682 569 759 626 aqua
774 551 886 627 absque
901 555 994 625 terra3
1018 554 1154 629 quamvis

131 641 214 719 ignis
249 640 385 700 fortiores
417 641 496 722 eires
525 639 634 700 babeat
664 658 754 717 quam
783 659 832 698 aer
860 643 891 700 et
912 660 990 716 aqua
1012 642 1153 702 fortiores

134 749 227 806 quam
255 730 333 806 ignis
361 748 394 788 aa
421 731 503 788 terra
524 730 711 790 fecundiores
733 731 764 788 et
786 729 945 789 fertiliores
969 750 1059 805 quam
1081 731 1180 792 haea5

131 821 203 882 tria.
248 818 306 878 Sed
330 819 473 894 asperitas
495 819 585 878 unius
611 819 763 878 lenitatem
794 818 916 879 alterius
943 819 1090 893 sublevat,
1123 829 1154 880 et

132 909 241 968 lenitas
274 908 397 967 alterius
428 908 619 982 asperitatem
648 908 735 968 istius
767 907 899 985 mitiget,
930 909 1042 968 scilieet
1071 910 1152 987 quod

133 998 189 1058 tali
213 997 370 1057 eoncordia
392 999 422 1056 et
444 1015 582 1056 mensura
604 996 661 1057 sibi
682 997 809 1057 invicem
837 998 1013 1057 naturaliter
1036 1016 1152 1057 coneor-

132 1087 218 1161 daut,
250 1086 330 1161 quod
356 1085 474 1145 nullum
501 1086 584 1145 aliud
611 1085 772 1156 disturbat,
803 1087 860 1146 nisi
890 1088 970 1163 quod
993 1087 1152 1162 aliquando

136 1178 263 1252 propter
284 1175 430 1234 iudicium
453 1175 501 1234 dei
523 1175 560 1234 ad
582 1176 728 1235 ultionem
750 1179 912 1251 provocate
935 1177 988 1236 aut
1001 1177 1084 1253 ignes
1100 1177 1153 1235 eut
1166 1189 1195 1234 10

134 1267 325 1340 tempestates
348 1268 401 1323 eut
424 1264 577 1324 effusiones
600 1283 653 1324 eeu
674 1265 874 1324 infertilitates
897 1266 1076 1341 producunt.

205 1356 252 1413 Da
282 1355 398 1416 nabala.
443 1353 479 1412 ln
501 1354 681 1429 quibusdam
703 1355 781 1412 enim
804 1355 956 1414 mantibus
980 1355 1063 1413 etin
1085 1354 1150 1431 qui-

134 1443 262 1502 busdam
285 1443 414 1503 vallibus
438 1461 471 1502 aa
497 1442 529 1501 in
557 1443 734 1518 quibusdam
762 1443 827 1502 aliis
853 1444 927 1504 loeis
956 1443 1002 1523 [ex
1030 1443 1150 1520 quibus]

136 1532 296 1607 aliquando
319 1551 372 1607 per
394 1527 541 1592 iudicium
562 1533 610 1592 dei
633 1533 777 1607 quaedam
796 1533 906 1592 nebula
920 1534 1051 1609 primum
1066 1533 1153 1610 nigra

134 1621 275 1698 aseendit,
299 1640 375 1697 quae
390 1622 502 1698 postea,
526 1640 594 1681 cum
617 1639 647 1680 se
661 1622 784 1693 dilatat,
807 1622 970 1681 turbilenta
992 1623 1027 1681 flt
1047 1626 1078 1682 et
1100 1623 1151 1681 ali·
1167 1635 1194 1680 15

133 1711 316 1788 quantulum
339 1711 453 1769 malum
476 1714 506 1770 et
528 1711 728 1787 periculosum
743 1712 887 1770 foetorem
902 1710 999 1770 habet.
1026 1711 1066 1771 Et
1080 1712 1152 1771 haee

134 1818 204 1859 aum
235 1819 265 1859 se
296 1819 348 1875 per
384 1800 528 1859 mundum
564 1799 691 1876 spargit,
733 1801 850 1860 morbos
886 1802 916 1859 et
952 1800 1152 1874 pestilentiam

135 1893 228 1965 atque
251 1893 377 1948 mortem
401 1892 430 1949 et
452 1889 623 1949 hominibus
645 1893 676 1949 et
701 1889 859 1965 pecoribus
885 1888 983 1952 infert.
1027 1889 1067 1948 Et
1098 1889 1149 1946 ali-

133 1977 254 2055 quando
284 1979 429 2054 quaedam
457 1979 566 2038 nebula
595 1978 631 2037 de
652 1977 831 2037 humiditate
854 1996 1000 2053 aquarum
1023 1977 1153 2036 aseendit

133 2071 166 2127 et
188 2086 235 2139 ea,
266 2086 341 2142 quae
362 2067 394 2126 in
416 2067 504 2126 terris
527 2069 610 2139 sunt,
638 2067 737 2144 tangit
759 2067 981 2142 aliquantulum
1004 2069 1033 2125 et
1055 2067 1098 2125 ita
1119 2067 1151 2125 in
1164 2079 1192 2124 ab

132 2156 282 2215 mundum
304 2157 465 2233 spargitur.
499 2156 600 2232 Atque
621 2156 841 2232 aliquantulum
864 2156 983 2215 morbos
1006 2158 1037 2215 et
1058 2157 1148 2232 pesti-

132 2245 259 2304 lentiam
281 2245 450 2305 homiuibus
474 2248 505 2305 et
526 2245 684 2321 pecoribus
704 2246 804 2320 infert,
827 2245 879 2305 sed
894 2263 943 2305 eos
957 2264 1018 2304 non
1034 2245 1150 2317 oceidit,

133 2338 165 2395 et
191 2333 304 2410 primos
333 2336 521 2410 erumpentes
546 2335 632 2394 florea
660 2335 815 2394 fruetuum
844 2335 943 2394 aufert
973 2338 1004 2394 et
1033 2334 1150 2394 fruetus

135 2423 238 2500 laedit,
261 2424 305 2483 ita
327 2424 408 2501 quod
431 2423 548 2483 arbores
571 2427 603 2483 et
623 2424 732 2483 herbae
755 2423 829 2482 folia
851 2441 905 2482 sua
927 2422 1106 2483 eontrahunt
1121 2427 1151 2482 et

135 2513 217 2589 quod
234 2515 378 2588 amarunt,
394 2513 478 2572 velut
493 2514 519 2572 si
534 2513 630 2573 aalide
645 2532 723 2589 aqua
738 2514 859 2588 perfusa
874 2513 943 2573 sint.
970 2512 1038 2570 Alia
1050 2515 1150 2570 autem
1163 2523 1191 2567 25

134 2602 284 2679 quaedam
299 2602 407 2661 nebula
422 2603 521 2679 surgit
544 2602 579 2661 de
601 2601 693 2661 nimio
717 2603 812 2661 calore
835 2604 864 2660 et
887 2601 923 2660 de
945 2600 1150 2677 superfluitate

134 2692 211 2752 aeris
235 2695 264 2750 et
286 2691 411 2750 nubium
434 2691 465 2752 et
495 2691 531 2750 de
560 2690 739 2750 humiditate
771 2710 889 2766 aarum,
923 2693 953 2749 et
983 2689 1151 2766 periculosa

133 2799 195 2840 non
218 2781 270 2843 eet.
304 2779 361 2840 Sed
385 2784 415 2841 et
437 2781 584 2856 quaedam
606 2780 714 2840 nebule
737 2779 773 2840 de
796 2779 909 2857 frigore
930 2782 960 2838 et
975 2779 1010 2838 de
1025 2779 1150 2839 humore

133 2874 231 2929 terrae
254 2870 383 2928 aseendit
406 2873 437 2929 et
460 2870 603 2945 quaedam
626 2869 737 2929 nebula
760 2869 796 2928 de
819 2869 942 2929 dirersis
958 2869 1049 2944 aquis,
1074 2887 1150 2943 quae

134 2963 233 3018 tamen
255 2959 390 3034 pericula
411 2959 583 3019 homiuibus
606 2962 636 3018 et
657 2958 814 3035 pecoribus
838 2960 868 3017 et
890 2957 1037 3018 fructibus
1052 2959 1149 3016 terrae
1163 2967 1192 3012 30

133 3066 194 3107 non
216 3047 363 3120 inferunt,
387 3048 458 3124 quia
481 3052 588 3108 natura
610 3067 712 3107 earum
736 3049 793 3124 est,
816 3050 852 3107 ut
874 3048 916 3107 sia
939 3066 993 3106 suo
1015 3050 1149 3122 tempore

133 3139 267 3214 surgant.
313 3136 398 3207 Quod
421 3138 465 3197 sol
488 3137 519 3196 in
546 3157 631 3197 mane
658 3137 759 3208 rubet,
791 3155 860 3196 eum
888 3136 998 3208 oritur,
1029 3135 1086 3195 boa
1114 3135 1150 3194 de

135 3227 248 3304 frigore
272 3227 302 3285 et
323 3226 501 3286 humiditate
525 3227 600 3286 aeris
623 3229 679 3302 est,
713 3225 784 3303 quia
806 3225 970 3285 humiditas
992 3227 1022 3284 et
1043 3224 1149 3302 frigus,

135 3335 211 3392 quae
226 3316 299 3374 tune
314 3317 391 3391 sunt,
415 3314 589 3376 rubedinem
604 3315 697 3376 oculis
712 3315 865 3375 hominum
881 3314 1021 3374 inferunt.
1052 3313 1150 3372 Simili

135 3404 223 3464 modo
249 3405 339 3464 etiam
360 3405 392 3462 in
415 3423 479 3465 sero
503 3405 540 3464 ad
564 3423 727 3480 vesperam,
751 3422 820 3464 eum
843 3404 888 3464 sol
910 3403 1010 3475 rubet,
1033 3402 1089 3462 hoa
1113 3403 1148 3460 de
1161 3411 1190 3457 35

135 3495 246 3571 frigore
269 3493 344 3553 aeris
368 3495 420 3570 est,
444 3494 526 3570 quod
548 3497 620 3553 tune
643 3493 681 3552 ed
703 3511 838 3554 oceasum
860 3492 1029 3555 inclinatur.

202 3584 286 3658 Quod
317 3587 444 3657 quatuor
474 3586 546 3643 suat
576 3583 717 3643 elementa
748 3586 873 3644 tantam.
930 3579 1022 3638 Plura
1054 3579 1149 3656 igitur
