2668 3924
199 171 262 230 220
585 159 829 217 HILDEGARDIS

264 438 312 496 De
333 437 410 496 uitae
432 436 538 510 siquis.
584 435 659 496 (ium
680 346 770 495 bb'mo
792 453 881 494 senus
903 435 935 493 iu
958 451 1081 510 corpore
1103 439 1163 513 eei,
1187 439 1214 498 ei

198 528 298 586 oculos
314 543 406 600 puros
428 528 459 585 eb
480 524 650 601 perlucidos
664 523 761 600 hebet,
785 523 988 601 cuiuscunque
1011 523 1119 584 coloris
1141 527 1212 604 sint,

198 617 317 692 signum
337 615 417 674 vibee
438 617 533 686 beneb;
556 615 608 691 ibe,
631 614 656 672 si
679 613 758 672 oculi
780 613 844 672 eius
866 612 922 673 hoc
945 612 1033 672 ruodo
1061 615 1215 689 perlucidi
1321 681 1322 688 χ

170 708 275 780 esunt,
292 704 545 780 quemadmodum
556 703 681 764 candide
700 702 792 762 nubes
813 707 865 779 est,
881 721 935 779 per
950 721 1041 780 quam
1056 703 1212 764 interdum

197 794 281 853 velut
294 794 420 854 weildcc
435 792 528 852 nubes
544 795 676 869 apparel,
699 792 800 850 eliste
815 793 898 852 vivet
911 810 966 852 nec
980 791 1040 852 cibo
1055 793 1213 859 morietur.

242 884 287 942 Dc
310 884 409 945 emilie.
447 880 523 940 Nem
546 883 628 941 visus
651 881 765 940 enimee
794 881 826 939 in
849 882 943 942 oculis
964 881 1092 940 hominis
1119 881 1214 943 buius

198 975 302 1049 poiens
317 975 370 1046 eeb,
386 991 453 1031 cum
465 969 545 1032 oculi
561 971 654 1047 ipsius
669 970 740 1046 puri
755 972 786 1027 eb
800 970 947 1046 perlucidi
967 974 1046 1045 eunt,
1070 972 1215 1046 quonium

199 1063 296 1120 anime
311 1061 343 1119 in
358 1079 482 1136 corpore
498 1060 561 1118 eius
577 1062 713 1135 potenter
733 1058 822 1135 sedet,
847 1060 989 1136 quatinus
1009 1060 1098 1136 plura
1121 1079 1215 1138 opere
1322 1092 1323 1102 κ

159 1163 186 1208 10
200 1151 232 1208 in
247 1151 312 1227 ipso
325 1152 475 1226 operetur.
506 1147 593 1208 Oculi
608 1148 686 1206 euim
701 1147 829 1207 hominib
845 1150 987 1208 fenestrae
1003 1149 1117 1207 unimue
1133 1155 1214 1210 euni.

263 1240 310 1299 Dc
324 1240 417 1298 oculis
431 1238 562 1296 turbidis
577 1242 605 1297 ct
618 1238 704 1312 eiyno
726 1238 839 1298 mortis,
870 1236 928 1307 Qui
951 1241 1052 1297 eutem
1074 1238 1213 1300 turbidos

198 1329 300 1388 oculos
323 1327 419 1399 hebel,
442 1345 510 1386 cum
531 1345 618 1386 senus
639 1329 691 1402 eeb,
714 1326 758 1385 ite
773 1326 855 1403 quod
870 1326 950 1386 oculi
973 1328 1037 1387 eius
1059 1345 1119 1386 non
1141 1332 1214 1388 euni

198 1416 353 1492 perlucidi,
367 1416 569 1492 cuiuscunque
581 1415 687 1475 eoloris
698 1415 765 1491 sind,
776 1416 897 1492 signum
908 1417 1012 1476 morbis
1023 1418 1120 1489 beneb3
1129 1417 1213 1494 ilem,

198 1507 221 1564 ei
251 1505 330 1564 oculi
358 1506 421 1564 eius
447 1503 504 1563 hoe
526 1505 614 1565 modo
636 1504 752 1564 lurbidi
774 1509 857 1581 suni,
885 1506 969 1564 velud
991 1505 1094 1582 alique
1116 1507 1213 1567 nubes
1323 1524 1324 1546 ¹

159 1609 185 1653 15
199 1597 256 1669 esi,
294 1613 370 1670 quee
399 1593 536 1670 superius
567 1594 611 1653 ibe
640 1595 732 1669 spisse
764 1596 820 1670 esb,
852 1595 935 1674 quod
967 1595 1023 1654 sub
1053 1613 1088 1653 ee
1125 1596 1213 1672 quasi

198 1683 342 1742 eumden
376 1682 469 1742 nubes
522 1683 699 1743 considerari
734 1701 793 1742 non
827 1686 938 1759 pobeeb,
987 1687 1018 1742 eb
1056 1683 1112 1742 ieie
1150 1685 1212 1745 cibo

199 1771 399 1832 infirmabitur
420 1775 450 1832 eb
464 1789 545 1831 mors
568 1772 774 1849 subsequetur.
804 1771 840 1830 ln
862 1772 929 1831 visu
951 1773 1030 1832 enim
1053 1773 1212 1832 oculorum

198 1861 325 1922 hominis
356 1861 442 1921 isliue
469 1862 568 1920 enimc
595 1864 700 1937 poiens
726 1879 786 1920 non
809 1865 865 1933 eet,
899 1860 970 1938 quie
997 1879 1093 1938 peuce
1120 1880 1213 1940 opere

199 1951 241 2010 ibi
264 1951 437 2027 operabitur
459 1954 489 2010 eb
513 1951 598 2027 quasi
621 1949 795 2010 obnubilata
817 1950 906 2022 sedet,
929 1950 1014 2010 velub
1036 1949 1135 2027 bomo,
1159 1953 1212 2028 qui
1324 1956 1325 1984 ¹

158 2054 186 2098 20
199 2041 230 2099 iu
253 2040 390 2117 opinione
413 2045 443 2099 et
469 2040 501 2098 in
524 2039 615 2099 dubio
638 2043 696 2111 eet,
727 2040 844 2116 quaudo
867 2039 967 2099 eedem
989 2058 1073 2099 suem
1097 2040 1213 2101 deseret
1324 2047 1325 2054 ’

202 2133 233 2188 eb
255 2129 373 2206 quando
396 2130 517 2188 domum
540 2148 625 2188 suem
646 2127 826 2204 egredietur.

266 2219 314 2278 Dc
335 2219 432 2293 siquis
454 2219 541 2281 uitae.
585 2217 683 2276 Homo
710 2218 800 2277 eiiam
828 2236 896 2278 cum
923 2235 1011 2277 sanus
1038 2221 1096 2294 est,
1125 2219 1212 2279 cuiue

200 2308 280 2366 colbr
311 2307 343 2366 in
371 2307 455 2384 genie
478 2307 533 2366 sub
557 2309 623 2365 cube
645 2303 757 2368 rubeus
780 2326 831 2367 seu
853 2305 1002 2366 moderate
1026 2306 1136 2367 rubeus
1159 2314 1212 2384 eei,

201 2397 244 2455 ibe
266 2397 347 2472 quod
369 2397 449 2456 color
471 2396 527 2455 isle
548 2395 604 2455 sub
627 2399 695 2455 cuie
718 2397 863 2468 cernitur,
888 2398 925 2455 ub
947 2396 978 2454 in
1000 2413 1103 2472 pomo,
1131 2398 1212 2473 quod

159 2497 187 2542 25
200 2486 387 2562 perlucidum
403 2488 433 2546 eb
446 2504 558 2561 purum
573 2486 629 2544 esb:
653 2485 770 2562 signum
793 2485 871 2544 vibee
892 2484 990 2561 hebet,
1012 2503 1081 2545 cum
1102 2485 1214 2545 rubeue

205 2577 287 2634 color
308 2576 340 2634 in
362 2576 445 2653 genis
469 2575 532 2634 eius
555 2573 610 2633 sub
634 2577 701 2633 cuie
721 2574 854 2650 videtur,
877 2575 966 2634 utin
988 2574 1113 2634 candide
1134 2575 1214 2635 nube

201 2665 306 2736 evenit,
329 2683 383 2741 per
399 2683 490 2741 quam
505 2662 654 2722 interdum
670 2663 794 2723 weitdcn
815 2663 907 2722 nubes
930 2672 1063 2739 apparet.
1093 2663 1135 2724 Iit
1156 2665 1213 2724 ieie

200 2753 282 2814 vivet
305 2772 358 2813 nec
381 2753 440 2813 cibo
463 2752 616 2812 morietur.
646 2749 721 2810 Nam
744 2752 854 2812 rubeus
877 2752 966 2828 color,
989 2753 1042 2828 qui
1064 2753 1120 2813 sub
1144 2757 1212 2813 cute

201 2843 231 2900 in
266 2843 348 2920 genis
378 2842 504 2901 bominis
532 2844 663 2916 apparel,
701 2845 738 2900 ub
773 2840 958 2916 praedictum
996 2846 1053 2914 esi,
1091 2842 1213 2920 igneum

158 2941 188 2987 ec
200 2931 344 3007 spiramen
365 2932 453 3006 vibee,
476 2931 589 2990 sciliceb
613 2931 735 3002 animae,
759 2933 811 3002 est,
835 2930 915 3007 quod
938 2930 1035 2990 anime
1056 2931 1136 3008 ignis
1159 2935 1213 2996 eei.

93 3083 97 3092 ,
200 3021 240 3080 lli
266 3021 333 3079 ideo
359 3019 391 3078 in
419 3019 502 3096 genis
528 3019 708 3090 ostenditur,
737 3020 878 3095 quoniam
905 3020 1003 3079 enimc
1030 3020 1062 3078 in
1088 3037 1213 3097 corpore

200 3110 253 3168 illo
277 3127 379 3168 secure
401 3108 484 3168 sedeb
505 3111 536 3169 ei
559 3108 618 3169 citu
641 3108 759 3167 exibure
780 3127 838 3168 nou
861 3112 912 3169 esi.

245 3200 293 3258 Dc
314 3200 400 3274 cipue
423 3200 535 3258 mortis.
573 3197 647 3258 (lum
671 3201 771 3256 autem
793 3197 882 3258 homo
905 3215 992 3258 senus
1014 3200 1067 3272 eei,
1091 3197 1116 3256 ei
1139 3202 1212 3259 bunc

103 3282 108 3290 '
201 3287 310 3348 rubeus
336 3306 388 3347 seu
422 3287 572 3347 moderate
607 3286 717 3346 rubeus
747 3286 828 3346 color
858 3287 889 3345 in
912 3287 993 3364 genis
1025 3286 1089 3346 eius
1121 3305 1212 3364 super

159 3381 299 3436 accubem
326 3377 415 3453 iacet,
438 3377 481 3436 ibe
504 3377 586 3453 quod
607 3377 690 3436 nulle
713 3375 790 3435 cubis
813 3375 868 3434 sub
891 3376 992 3434 eedem
1013 3374 1157 3436 rubedine
1179 3377 1211 3436 in

200 3467 280 3544 genie
297 3466 475 3526 considerari
489 3467 599 3543 polest:
624 3466 741 3544 signum
762 3465 865 3524 morbis
885 3463 982 3536 hebet,
1006 3483 1074 3524 cum
1095 3465 1211 3526 rubedo

200 3557 231 3612 in
253 3556 334 3632 genie
355 3555 419 3616 eius
441 3560 503 3617 iem
527 3555 645 3615 forbiter
667 3571 766 3632 presse
788 3571 878 3629 super
900 3557 996 3612 cubem
1020 3554 1103 3626 iuceb,
1128 3555 1211 3631 quod
