2668 3924
374 180 534 244 ‚caussa
552 179 599 236 ΕΤ
619 181 741 237 CURAE
760 181 827 237 nlss.
846 181 881 236 V.
1079 187 1141 246 233

125 366 263 436 attrahit,
296 366 434 442 quoniam
457 385 550 440 aquae
577 367 690 426 nivium
720 367 755 425 de
777 367 908 442 squamis
930 367 1142 426 elementorum

127 460 159 515 et
185 455 306 532 frigoris
335 459 365 514 et
392 455 428 514 de
456 456 543 515 sorde
571 459 667 516 tarrae
694 461 772 515 sunt.
817 454 921 531 Aquae
948 456 1142 516 cisternarum

126 545 162 604 ad
194 544 298 604 balnea
329 543 516 621 aliquantum
547 545 672 604 leniores
711 548 741 604 ot
775 543 912 605 utiliores
947 548 1018 604 sunt
1056 545 1141 620 aquis

124 633 296 710 pluviarum
319 636 349 693 et
377 634 504 709 nivium,
537 634 618 710 quod
641 634 827 710 aliquantum
854 633 1027 710 purificatae
1062 637 1141 696 sunt.

127 723 158 782 Si
181 724 235 799 qui
257 723 287 780 in
309 725 419 781 aestate
434 723 465 781 in
481 723 642 782 fluentibus
663 723 835 782 fluminibus
857 723 961 782 balnea
983 723 1169 798 accipiunts

125 811 195 870 inde
217 831 275 871 non
298 812 467 887 laeduntur,
492 813 572 889 quod
586 813 710 872 flumina
731 813 775 872 ita
797 813 895 872 oalore
918 813 989 872 solis
1013 815 1043 871 et
1066 815 1141 872 aeris

125 905 292 976 temperata
307 905 386 972 sunt,
410 902 490 976 quod
510 920 564 960 neo
583 903 671 960 nimis
686 902 781 961 aalide
796 919 849 961 neo
864 902 952 962 nimis
966 900 1077 978 frigida
1092 902 1142 962 sed

126 992 290 1066 temperata
303 994 381 1050 sunt.
409 989 466 1050 Sed
478 994 577 1050 temen
588 992 690 1050 noxios
702 994 732 1050 et
741 991 834 1050 malos
845 991 984 1050 humores
996 1008 1056 1049 non
1067 992 1142 1049 mul·

126 1083 193 1138 tum
210 1083 407 1155 compesount,
423 1097 477 1138 neo
489 1080 580 1138 etiam
591 1081 649 1156 ipsi
660 1081 733 1138 mali
743 1079 883 1139 humores
894 1099 948 1156 per
958 1086 1142 1144 eaoraseunt.

195 1170 243 1228 De
260 1170 448 1244 purgatoriis
465 1170 583 1242 poenis.
628 1169 756 1238 Quidem
785 1169 875 1229 etiam
902 1168 1142 1246 inextinguibiles
1157 1180 1184 1226 10

50 1312 54 1318 .
127 1259 211 1334 ignes
234 1259 265 1314 in
288 1276 355 1317 aere
377 1262 456 1333 sunt,
481 1259 533 1334 qui
556 1259 592 1317 de
616 1259 740 1319 diversis
764 1259 903 1335 operibus
923 1259 1079 1318 hominum
1097 1260 1143 1317 in·

127 1347 308 1423 oenduntur,
332 1348 473 1424 qnoniam
496 1347 549 1424 qui
571 1347 631 1406 illis
654 1347 690 1406 ad
714 1349 842 1425 glorium
857 1367 919 1410 esse
934 1346 1086 1422 debebant,
1109 1367 1144 1407 ex

124 1437 211 1495 melis
236 1436 376 1510 operibus
399 1455 503 1495 eorum
524 1437 597 1513 ipsis
620 1437 658 1495 ad
680 1437 817 1512 poenales
839 1438 922 1514 ignes
945 1438 1033 1509 fiunt,
1049 1442 1079 1496 et
1100 1438 1144 1496 ita

123 1525 155 1584 in
178 1525 280 1600 aliqua
301 1527 367 1584 loca
389 1529 537 1586 terrarum
562 1525 751 1586 descendunt.
791 1527 830 1585 Et
851 1527 894 1584 ibi
917 1529 1143 1604 congregantur,

124 1614 180 1673 ubi
204 1614 294 1673 etiam
311 1614 411 1690 aliqua
425 1616 548 1674 flumina
564 1617 704 1676 oriuntur
719 1619 749 1674 et
764 1616 899 1690 effluunt,
923 1636 1000 1692 quae
1016 1617 1142 1676 oalorem
1156 1625 1183 1671 15

125 1706 156 1761 et
179 1704 314 1762 ardorem
338 1723 373 1762 ex
394 1704 503 1764 eisdem
531 1704 651 1781 ignibus
675 1705 863 1776 contrahunt,
885 1705 929 1763 its
951 1704 1031 1781 quod
1055 1706 1144 1764 etiam

125 1793 238 1852 iudioio
260 1792 308 1852 dei
332 1793 477 1869 quaedam
501 1795 613 1853 animae
641 1795 673 1852 in
704 1794 777 1870 ipsis
801 1793 918 1870 ignibus
950 1796 980 1852 st
1011 1794 1042 1851 in
1074 1794 1145 1869 ipsis

126 1881 212 1958 aquis
241 1883 454 1943 examinantur.
499 1881 556 1942 Sed
590 1883 711 1959 quidam
742 1883 833 1942 rivuli
865 1902 899 1941 ex
927 1881 1036 1941 eisdem
1059 1883 1144 1958 aquis

127 1970 285 2046 aliquando
316 1972 348 2029 in
378 1971 508 2032 diversas
542 1977 635 2030 terras
668 1974 746 2031 inter
780 1971 912 2032 homines
944 1972 1055 2046 fluunt,
1091 1973 1143 2047 qui

126 2078 241 2135 semper
282 2059 369 2119 ualidi
408 2063 489 2136 sunt,
533 2061 613 2137 quod
645 2063 681 2120 da
711 2060 988 2138 inextinguibilibus
1023 2060 1143 2137 ignibus
1157 2069 1184 2114 20

126 2153 244 2210 exeunt.
299 2149 357 2208 Sed
389 2154 420 2209 et
452 2150 594 2226 quaedam
629 2153 730 2224 partes
762 2153 910 2210 terrarum
939 2152 1022 2222 sunt,
1054 2169 1143 2225 super

127 2256 201 2314 quas
227 2233 322 2321 [deus]
352 2238 452 2298 divina
478 2239 592 2298 ultione
620 2239 779 2316 aliquando
806 2239 884 2316 ignis
911 2238 1073 2315 deseendit,
1106 2243 1143 2298 nt

125 2327 270 2403 seriptum
308 2329 364 2386 est:
398 2329 498 2404 pluit
531 2347 637 2404 super
670 2347 728 2388 eos
760 2328 936 2388 aerbones
967 2329 1075 2405 ignis,
1110 2333 1144 2387 et

126 2416 281 2491 spiritus
303 2418 546 2491 procellarum
569 2435 651 2492 pars
675 2418 799 2476 oalieis
827 2435 958 2477 eorum.
1000 2418 1041 2475 Et
1062 2420 1143 2475 terra

127 2510 157 2564 et
171 2509 284 2565 montes
307 2510 337 2564 et
359 2507 481 2582 lapides,
505 2524 580 2584 quos
603 2506 681 2582 ignis
696 2507 748 2565 ille
763 2506 872 2583 tetigit,
896 2507 926 2565 in
941 2507 1011 2583 igne
1026 2515 1181 2580 semperne

127 2594 274 2654 ardebunt
296 2614 392 2672 usqua
415 2596 454 2654 ad
475 2596 667 2656 novissimum
692 2596 783 2670 diem,
817 2599 908 2672 atque
927 2595 959 2654 in
980 2596 1040 2654 illis
1061 2595 1141 2670 looiS,

128 2683 181 2757 qui
203 2684 244 2742 sio
267 2683 380 2759 ardent,
407 2685 499 2744 rivuli
531 2685 682 2743 interdum
710 2686 858 2761 oriuntur,
890 2685 943 2761 qui
975 2684 1010 2743 de
1042 2683 1144 2743 eodem

127 2772 196 2846 igne
218 2791 332 2848 semper
355 2775 443 2833 oalidi
466 2777 536 2833 sunt
559 2778 590 2832 et
612 2773 701 2832 calidi
723 2775 831 2834 fluunt.
877 2772 935 2833 Sed
958 2777 988 2833 et
1009 2772 1144 2833 homines

127 2861 278 2918 interdum
310 2865 373 2921 arte
396 2881 450 2922 sua
473 2862 511 2921 ad
538 2864 639 2922 eadem
662 2864 727 2923 looa
751 2862 911 2940 aliquando
936 2861 1080 2939 quosdam
1103 2863 1141 2920 ri·

128 2950 215 3008 vulos
239 2949 393 3027 ducebant,
416 2955 452 3010 ut
474 2971 509 3011 ex
532 2952 573 3011 eis
596 2953 770 3028 oalelierent,
795 2951 848 3029 qui
871 2971 924 3028 per
952 2951 1053 3011 eadem
1076 2952 1141 3010 loca
1154 2959 1184 3004 30

127 3040 251 3098 fluentes
274 3044 304 3098 et
327 3039 461 3100 ardorem
476 3040 518 3099 ibi
542 3041 718 3118 aooipientes
740 3041 845 3100 deinde
867 3041 956 3101 oslidi
975 3040 1143 3102 effluebant.

127 3128 168 3187 ut
189 3148 283 3204 aquae
305 3129 379 3188 istae
401 3129 533 3189 homines
555 3130 633 3206 illos,
658 3133 711 3208 qui
734 3131 845 3190 balneis
873 3131 904 3190 in
931 3131 972 3190 eis
1003 3133 1140 3202 utuntur,

128 3218 280 3276 interdum
300 3237 358 3278 non
382 3219 516 3295 laedunt,
548 3219 599 3278 sed
622 3221 663 3279 eis
686 3221 842 3280 sanitatem
869 3220 1032 3291 oonferunt,
1057 3220 1140 3296 qnod

128 3309 209 3366 calor
231 3327 333 3366 earum
355 3308 501 3368 iniustum
521 3309 665 3384 ardorem,
689 3310 742 3386 qui
770 3310 801 3367 in
823 3309 883 3368 illis
908 3311 960 3380 est,
983 3309 1143 3384 eompasoit

129 3401 158 3455 et
181 3397 273 3456 malos
296 3397 434 3458 humores
457 3398 487 3455 in
510 3399 551 3456 eis
574 3400 730 3457 consumit.
1156 3404 1184 3450 ³⁵

220 3487 265 3546 De
287 3504 355 3546 osso
379 3488 490 3548 balaeo.
535 3486 671 3562 Homini,
704 3488 756 3563 qui
787 3505 884 3547 macer
914 3489 944 3546 et
966 3487 1066 3546 aridus
1089 3490 1141 3562 est,

116 3574 226 3636 *assum
256 3576 403 3648 balneum,
433 3576 546 3636 scilieet
569 3577 671 3653 ignitis
694 3575 842 3652 lapidibus
865 3575 1053 3652 calefactum,
1084 3593 1142 3634 non
