2662 3932
197 114 237 173 76
584 104 831 161 HILDEGARDIS

195 311 259 351 eam
291 290 443 350 interdum
472 290 505 348 in
536 289 674 367 opinione
705 292 736 349 et
763 289 883 366 optione
909 289 1029 352 babent.
1073 290 1115 349 Et
1137 292 1226 368 quia

193 380 273 438 hunc
296 379 445 439 defectum
466 379 498 437 in
521 378 695 455 corporibus
719 378 840 452 babent,
869 378 936 438 ideo
965 379 1055 438 etiam
1076 381 1159 439 tardi
1184 382 1225 440 in

194 469 314 545 ingenio
329 471 408 544 sunt,
430 471 461 527 et
476 487 566 527 venae
581 471 751 545 temporum
766 487 869 527 eorum
884 487 944 526 non
965 471 1037 528 sunt
1057 469 1164 545 plenae
1182 471 1221 528 in

193 557 356 629 viriditate,
379 557 431 617 sed
454 557 490 616 ad
513 557 740 616 similitudinem
762 558 943 616 calamorum
967 560 998 616 et
1022 559 1220 635 quarundam

167 646 355 706 eberbarum
376 647 497 724 fragiles
513 665 601 706 venas
623 645 740 722 habent,
763 665 816 705 nec
838 647 940 706 viriles
961 647 1110 723 dicuntur,
1133 667 1215 723 quo·

194 735 276 794 niam
306 754 397 795 venae
430 755 534 794 eorum
565 735 692 811 frigidae
722 737 793 795 sunt
823 738 854 794 et
886 736 958 811 quia
986 736 1076 795 etiam
1110 755 1216 796 semen

196 843 300 884 eorum
321 827 410 883 tenue
433 829 463 884 et
484 824 633 883 incoctum
655 823 739 883 velut
761 843 867 901 spuma
893 828 950 897 est,
980 843 1033 885 nec
1061 824 1138 884 illud
1171 827 1215 886 ad

196 932 363 990 congruum
384 917 502 988 tempus
525 912 653 972 retinere
674 915 807 988 possunt.

170 1048 172 1054 .
260 1004 305 1063 De
326 1003 466 1063 mulieris
487 1002 685 1064 delectatione.
722 1000 889 1062 Delectatio
913 1003 1013 1062 autem
1032 1002 1064 1061 in
1083 1003 1214 1063 muliere

152 1101 179 1146 10
192 1092 248 1151 soli
275 1095 477 1169 comparatur,
507 1091 560 1167 qui
589 1090 696 1150 blande
725 1094 756 1150 et
777 1091 883 1150 leniter
905 1095 935 1151 et
957 1091 1073 1151 assidue
1095 1095 1213 1152 terram

192 1181 289 1240 calore
318 1199 371 1240 suo
402 1179 568 1256 perfundit,
600 1183 637 1239 ut
667 1181 783 1239 fructus
813 1180 958 1256 proferat,
990 1181 1062 1256 quia
1088 1181 1114 1240 si
1141 1201 1211 1241 eam

192 1271 288 1330 acrius
318 1270 349 1329 in
377 1269 550 1328 assiduitate
584 1269 764 1345 incenderet,
799 1269 916 1328 fructus
949 1269 1044 1347 magis
1077 1270 1212 1331 laederet

192 1378 281 1435 quam
310 1376 358 1418 eos
385 1357 570 1434 produceret.
614 1357 662 1417 Ita
685 1359 774 1417 etiam
798 1359 828 1418 et
850 1358 1004 1417 delectatio
1027 1358 1058 1417 in
1080 1360 1210 1419 muliere

191 1446 297 1506 blande
312 1450 343 1506 et
357 1447 462 1506 leniter
476 1447 526 1507 sed
540 1450 640 1506 tamen
655 1446 770 1506 assidue
786 1447 913 1506 calorem
927 1446 1025 1523 habet,
1039 1450 1076 1506 ut
1090 1450 1209 1524 prolem

151 1549 178 1594 15
192 1536 338 1612 concipiat
360 1538 390 1594 et
411 1537 516 1613 pariat,
540 1537 618 1612 qnia,
642 1536 667 1595 si
689 1555 804 1613 semper
823 1537 854 1595 in
870 1536 1072 1596 delectationis
1086 1539 1206 1598 fervore

191 1626 335 1700 maneret,
368 1627 438 1702 apta
469 1625 507 1684 ad
539 1625 763 1702 concipiendum
794 1629 824 1685 et
851 1625 889 1684 ad
916 1625 1116 1702 generandum
1145 1647 1206 1686 non

191 1718 274 1776 esset.
321 1714 395 1774 (lum
423 1715 501 1774 enim
529 1714 685 1773 delectatio
712 1715 744 1773 in
771 1714 896 1773 muliere
919 1715 1028 1791 surgit,
1055 1715 1150 1776 levior
1171 1717 1204 1776 in

192 1824 226 1862 aa
249 1807 293 1863 est
316 1823 406 1880 quam
426 1803 459 1861 in
480 1804 554 1874 viro,
579 1803 720 1879 quoniam
740 1803 913 1863 huiusmodi
935 1804 1013 1881 ignis
1035 1804 1066 1862 in
1086 1809 1202 1864 eatam

190 1893 309 1953 fortiter
331 1912 390 1952 non
414 1892 499 1951 ardet
519 1894 555 1951 ut
576 1893 608 1951 in
630 1893 706 1954 viro,

150 1993 178 2038 20
257 1983 305 2044 De
326 1983 387 2042 otri
409 1982 605 2064 delectatione.
647 1979 723 2040 Nam
745 2000 814 2040 cum
835 1985 995 2057 tempestas
1017 1981 1148 2042 libidinis
1171 1983 1201 2042 in

191 2074 320 2131 masculo
344 2071 449 2148 surgit,
473 2071 504 2128 in
527 2089 561 2129 eo
585 2073 621 2129 ut
640 2070 841 2129 molendinum
856 2071 1108 2148 circumvolvitur,
1132 2073 1202 2148 quia

191 2160 280 2219 etiam
310 2159 405 2219 lumbi
436 2160 499 2219 eius
526 2158 610 2219 velut
636 2159 748 2219 fabrica
777 2162 859 2230 sunt,
888 2161 919 2219 in
950 2181 1040 2236 quam
1071 2159 1202 2220 medulla

190 2250 291 2326 ignem
319 2249 426 2323 mittit,
458 2249 501 2307 ita
528 2248 609 2325 quod
636 2251 666 2307 et
692 2249 805 2308 fabrica
825 2249 879 2308 illa
901 2249 1028 2308 eundem
1049 2249 1149 2327 ignem
1170 2251 1201 2308 in

191 2339 332 2415 genitalia
358 2339 423 2398 loca
449 2338 571 2397 masculi
598 2337 780 2397 transfundit
808 2357 841 2398 ac
868 2357 936 2396 eum
957 2338 1077 2398 fortiter
1098 2339 1200 2398 ardere

149 2437 177 2483 25
190 2428 269 2488 facit.
314 2426 372 2486 Sed
399 2446 467 2486 cum
493 2428 598 2486 ventus
629 2425 830 2487 delectationis
857 2447 891 2486 ex
919 2427 1049 2486 medulla
1074 2427 1199 2487 feminae

191 2517 351 2594 egreditur,
383 2516 414 2574 in
444 2515 605 2592 matricem,
634 2533 709 2591 quae
730 2515 873 2575 umbilico
896 2516 1043 2592 adhaeret,
1067 2516 1198 2577 caditat

189 2607 365 2682 sanguinem
387 2605 519 2664 mulieris
536 2604 574 2663 ed
589 2604 813 2664 delectationem
828 2610 935 2682 movet,
959 2608 990 2664 et
1005 2607 1076 2682 quia
1090 2607 1198 2666 matrix

190 2697 267 2754 circa
281 2694 457 2753 umbilicum
472 2694 605 2752 mulieris
628 2694 762 2769 amplum
784 2697 814 2752 et
836 2694 921 2753 velut
944 2697 1080 2771 apertum
1102 2695 1205 2754 locum*

121 2773 123 2778 ’
189 2783 285 2854 habet,
308 2786 416 2843 ventus
438 2783 489 2841 ille
511 2783 543 2840 in
558 2785 691 2842 ventrem
706 2783 769 2842 eius
784 2801 814 2842 se
830 2783 944 2856 dilatat,
968 2786 998 2842 et
1012 2784 1079 2843 ideo
1094 2784 1197 2860 lenius,

150 2882 179 2927 so
193 2872 327 2949 quamvis
349 2890 421 2947 prae
443 2870 622 2931 humiditate
644 2890 699 2930 sua
720 2872 843 2948 caepim,
866 2871 909 2930 ibi
931 2873 962 2931 in
978 2872 1199 2932 delectationem

191 2959 288 3036 ardet,
320 2963 350 3020 et
379 2960 445 3019 ideo
475 2961 564 3020 etiam
594 2963 647 3019 aut
673 2979 744 3037 prae
771 2961 878 3020 timore
906 2965 958 3020 aut
984 2981 1055 3038 prae
1086 2961 1199 3038 pudore

190 3049 307 3109 facilius
336 3067 425 3125 quam
452 3049 499 3110 vir
526 3070 544 3108 a
573 3048 764 3108 delectatione
794 3069 824 3110 se
855 3052 1005 3110 continere
1036 3051 1128 3126 valet,
1157 3051 1199 3110 ita

192 3139 270 3215 quod
302 3138 392 3197 etiam
425 3157 531 3215 spuma
561 3138 679 3198 seminis
709 3138 744 3196 ab
775 3159 809 3198 ea
840 3140 937 3198 rarius
967 3159 1057 3216 quam
1089 3161 1106 3198 a
1135 3141 1197 3200 viro

190 3227 297 3287 eicitur
320 3230 350 3287 et
371 3228 487 3287 modica
510 3230 539 3287 et
561 3231 661 3287 tantae
684 3227 856 3306 exiguitatis
879 3228 917 3287 ad
939 3247 1075 3306 spumam
1089 3228 1148 3288 viri
1165 3232 1199 3288 ut

148 3326 176 3373 35
188 3317 322 3376 frustum
344 3317 428 3393 panis
452 3317 488 3375 ad
510 3317 713 3394 integritatem
732 3319 803 3378 eius.
838 3316 895 3377 Sed
915 3321 1015 3377 tamen
1030 3317 1199 3377 multotiens
1244 3325 1245 3333 ’

189 3406 300 3479 evenit,
331 3425 399 3466 cum
430 3407 582 3482 praedicta
613 3425 718 3481 spuma
750 3409 818 3482 post
850 3405 1073 3466 delectationem
1101 3406 1137 3464 ab
1165 3425 1196 3464 ea

191 3515 250 3554 nou
273 3496 387 3572 eicitur,
412 3496 493 3572 quod
514 3497 596 3556 venis
619 3495 759 3572 matricis,
784 3515 860 3572 quae
875 3496 1015 3556 candidae
1029 3500 1059 3555 et
1073 3495 1194 3573 pingues
