2662 3932
210 177 272 237 114
596 169 840 226 fflnooaassols

209 361 240 416 et
261 356 395 432 eorporis
416 355 553 416 incurrit.
594 354 635 414 lli
655 353 754 430 bomo,
777 354 831 430 qui
852 353 1001 415 viventem
1023 355 1119 415 vitam
1141 357 1178 415 in
1202 375 1243 414 se

209 445 299 506 habet
320 447 352 504 et
375 444 428 521 qui
450 444 573 505 diversis
595 442 669 503 oibis
691 443 833 519 nutritur,
863 443 1006 504 maiorem
1029 444 1242 521 indigentiam

210 536 338 610 potuum
373 533 475 609 habat,
516 533 636 594 interim
679 532 752 591 dum
788 532 927 608 eomedit,
963 552 1054 610 quarn
1085 535 1244 593 animalia

209 622 344 698 habeant,
369 641 445 700 qnae
467 621 534 682 feno
558 624 589 682 et
610 621 744 700 gramina
766 625 939 698 pasountur.

182 726 196 772 5
274 713 321 772 De
341 711 526 776 dormitione.
554 710 651 771 Homo
673 713 744 786 post
765 711 865 770 oibum
887 711 989 770 statim
1010 729 1069 772 non
1085 710 1240 788 dormiat,

210 804 369 877 antequam
391 803 496 879 gustus
524 805 554 860 at
585 818 689 860 ausona
717 817 750 859 ao
778 799 851 860 odor
877 817 981 860 eorum
1014 801 1052 860 ad
1073 802 1138 860 looa
1174 820 1240 862 sna

209 890 390 966 perveniant.
435 889 492 949 Sed
514 893 583 966 post
605 889 704 949 eibum
727 908 781 965 per
804 889 935 965 aliquam
964 890 1083 950 brevem
1108 908 1238 949 moram

210 999 227 1038 a
249 979 428 1039 dormitione
449 997 480 1039 se
503 978 663 1053 ooniinoat,
695 997 732 1037 ne
754 977 779 1037 ai
801 979 922 1054 repente
944 981 1013 1054 post
1035 978 1134 1038 eibum
1157 979 1237 1039 ‹ior-

208 1068 321 1144 mierit,
354 1067 456 1127 eadam
489 1067 629 1127 dormitio
662 1069 787 1144 gustum
821 1071 852 1126 et
884 1084 1005 1127 suorum
1038 1087 1073 1128 ao
1103 1067 1235 1128 odorem

169 1172 196 1216 1o
209 1157 345 1219 oiborum
375 1156 407 1216 in
435 1156 546 1216 iniusta
575 1160 606 1215 et
637 1155 785 1216 contraria
815 1157 879 1215 looa
905 1155 996 1216 ducat
1022 1161 1053 1216 et
1079 1175 1115 1216 ne
1140 1159 1237 1217 velut

209 1246 363 1322 pulverem
391 1245 447 1305 hao
477 1248 507 1305 et
536 1244 607 1304 illae
632 1245 664 1304 in
691 1245 775 1305 venis
800 1243 961 1322 disperget
1007 1245 1064 1306 Sed
1087 1247 1111 1305 si
1133 1245 1234 1306 homo

208 1355 263 1410 per
284 1334 403 1395 brevem
426 1353 539 1394 moram
560 1353 591 1394 ae
614 1334 797 1394 continuerit
824 1336 855 1393 et
876 1335 949 1394 tuno
963 1333 1001 1394 ad
1016 1335 1235 1396 dormitionem

209 1443 240 1484 sa
270 1443 324 1500 per
349 1423 495 1483 modioam
521 1423 625 1484 horam
656 1422 840 1499 deposuerit,
872 1442 939 1483 oaro
963 1427 994 1484 et
1015 1423 1137 1502 sanguis
1159 1425 1234 1484 eius

210 1533 244 1572 ex
266 1512 323 1573 hoo
344 1513 457 1588 oresoit,
480 1516 511 1572 et
532 1529 621 1572 sanus
642 1512 713 1572 inde
735 1511 874 1572 efficitur.

170 1616 197 1661 15
277 1603 323 1662 De
344 1601 517 1662 nocturnali
538 1603 598 1664 eoo.
628 1600 722 1677 Saepe
745 1604 844 1661 autem
859 1600 1015 1678 contingit,
1039 1600 1121 1678 quod
1135 1601 1233 1662 homo
1323 1627 1324 1674 g

210 1693 240 1751 et
261 1691 292 1750 in
315 1691 363 1751 dia
385 1695 415 1750 et
437 1692 468 1750 in
491 1695 589 1767 noete,
619 1709 688 1750 oum
710 1689 845 1768 evigilat,
877 1691 914 1750 de
931 1691 1033 1774 vcalore
1056 1695 1086 1750 et
1109 1690 1146 1751 de
1168 1693 1232 1750 ari-
1323 1769 1324 1772 Ἴ

210 1780 303 1840 ditate
325 1779 459 1840 oiborum
481 1779 556 1844 sitit.
600 1779 658 1840 seo
680 1779 732 1839 illa
755 1783 863 1856 caveat,
887 1799 924 1839 ne
945 1799 1014 1840 mox
1036 1780 1128 1856 bibat,
1152 1780 1233 1840 dum

210 1888 300 1946 sopor
322 1869 418 1930 adbuo
440 1869 471 1929 in
497 1870 564 1946 ipso
591 1872 648 1944 est,
679 1869 751 1945 quia
772 1868 959 1930 infirmitates
985 1869 1043 1929 sibi
1071 1869 1234 1929 induoaret
1323 1895 1324 1919 1

210 1961 241 2018 et
262 1960 435 2037 sangninem
457 1961 489 2018 et
509 1958 648 2018 humores
671 1976 739 2018 suos
765 1957 797 2016 in
823 1958 949 2018 iniustas
976 1958 1121 2034 proeellas
1148 1959 1231 2018 exai-

170 2052 297 2110 notaret.
342 2047 400 2108 Sed
421 2050 581 2124 postquam
603 2047 806 2124 evigilaverit,
833 2066 888 2123 per
915 2047 1048 2124 aliquam
1069 2066 1184 2107 moram
1212 2068 1233 2107 a

209 2140 286 2214 potu
312 2155 343 2198 ae
374 2137 535 2208 eontineat,
568 2136 704 2213 quamvis
735 2136 866 2195 multum
897 2136 992 2212 sitiat,
1026 2155 1122 2213 usque
1153 2137 1233 2196 (ium

172 2221 176 2230 '
209 2244 299 2302 sopor
321 2226 449 2301 pleniter
472 2225 508 2285 ab
531 2243 565 2284 ao
588 2226 749 2285 recesserit.

276 2315 324 2374 De
340 2318 424 2388 poto.
469 2314 509 2374 Et
531 2318 610 2387 tuno,
633 2315 696 2374 sive
717 2331 805 2373 sanus
828 2314 890 2375 sive
912 2314 1047 2374 infirmas
1071 2316 1126 2390 sit,
1153 2319 1233 2391 ¹post

210 2403 417 2464 dormitionem
440 2404 465 2462 si
488 2403 564 2476 sitit,
594 2402 698 2463 vinum
725 2407 779 2462 ant
804 2403 976 2463 oareviaiam
1002 2402 1086 2463 bibat
1112 2407 1144 2463 et
1166 2423 1232 2464 non

169 2505 196 2550 25
210 2511 327 2570 aquam,
350 2492 422 2569 quia
444 2511 522 2569 aqua
544 2495 617 2552 tuno
638 2492 812 2570 sangninem
834 2495 865 2552 et
886 2492 1026 2552 humores
1041 2493 1106 2552 eiua
1128 2493 1230 2570 magis

96 2594 99 2602 ’
210 2582 339 2642 laederet
362 2601 453 2659 quam
475 2599 524 2642 eos
546 2581 673 2643 iuvaret.

276 2672 321 2731 Do
336 2671 481 2751 paralysi
500 2669 685 2750 fatigatione.
715 2669 822 2742 Homo,
846 2671 899 2747 qni
922 2670 958 2730 ‹ie
980 2673 1069 2748 gutta
1090 2671 1229 2748 paralysi

210 2761 370 2838 fatigatur,
403 2760 540 2819 humores
574 2759 732 2821 destitutos
761 2759 793 2818 in
820 2777 851 2820 se
882 2758 985 2832 hebet,
1015 2760 1100 2821 velut
1126 2760 1229 2820 undae

210 2868 356 2925 aquarum
378 2851 457 2924 eunt,
480 2867 556 2925 quae
578 2849 609 2907 in
630 2848 764 2925 inquieta
787 2852 954 2912 moventur.
992 2848 1032 2908 st
1053 2848 1122 2909 ideo
1144 2848 1229 2909 idem

169 2951 197 2996 oo
210 2937 299 2998 bomo
328 2938 361 2998 in
392 2937 525 2997 moribus
556 2941 586 2998 et
616 2939 648 2996 in
679 2941 768 3016 gestu
797 2955 851 2998 suo
881 2936 1052 2998 moderatus
1081 2955 1144 2998 esse
1166 2957 1229 2997 non

208 3028 320 3104 potest,
352 3028 382 3086 et
409 3030 565 3103 propterea
591 3027 696 3086 vinum
725 3027 841 3086 ieiunus
868 3026 959 3103 bibat,
987 3028 1036 3087 vel
1062 3027 1087 3087 ai
1119 3027 1227 3086 vinum

209 3117 317 3178 habere
343 3133 402 3175 non
430 3116 555 3192 poterit,
587 3115 759 3176 cerevisiam
785 3115 823 3175 da
849 3116 939 3176 ordeo
967 3117 1021 3175 aut
1047 3115 1084 3175 de
1106 3115 1228 3193 siligine

210 3207 318 3264 faotam
340 3205 458 3264 ieiunus
480 3204 576 3280 bibat,
603 3206 653 3266 vel
674 3205 699 3263 si
721 3203 797 3264 nihil
818 3205 946 3265 istorum
967 3204 1076 3265 bebere
1103 3205 1229 3281 poterit,

210 3313 318 3372 aquam
346 3312 415 3354 oum
441 3313 516 3371 pana
543 3297 652 3371 eoquat
678 3297 709 3354 at
735 3311 788 3369 per
809 3313 940 3371 pannum
963 3293 1041 3354 eolat
1063 3296 1094 3352 et
1116 3313 1227 3370 aquam

168 3384 296 3444 atillam
323 3383 456 3459 tepidam
487 3384 571 3443 bibat
596 3387 627 3443 at
653 3383 696 3443 aio
726 3401 781 3459 per
812 3383 945 3460 singulos
973 3383 1034 3442 dies
1061 3381 1167 3458 iuuat,
1197 3385 1229 3441 et

210 3474 307 3533 undae
334 3473 531 3550 procellarum
558 3475 663 3551 guttae
691 3472 722 3530 in
750 3490 784 3531 ao
807 3475 1044 3547 compescuntur.
1090 3470 1226 3542 Quodsi

209 3562 288 3622 idem
310 3561 399 3622 homo
427 3563 486 3622 oito
514 3581 637 3640 oorpora
663 3561 782 3636 defeoit,
814 3560 963 3621 modicum
992 3561 1112 3628 ieiunus
1132 3559 1226 3634 bibat,
