2662 3932
197 145 259 208 124
581 135 827 194 ninnnananrs

194 323 397 384 necessitatem
418 321 525 382 habero
547 321 693 393 videatur,
716 322 795 398 qnia,
823 322 895 381 dum
917 341 1010 383 venae
1032 326 1063 382 et
1087 323 1221 401 sangnis

194 413 226 470 in
248 410 366 470 homine
388 411 566 471 naturaliter
588 413 730 482 crescunt,
758 411 783 470 si
806 411 873 486 quis
900 429 988 470 vanas
1010 412 1078 472 illas
1104 411 1221 472 incidit

195 505 227 560 et
247 500 420 578 sangninem
443 500 567 577 emittit,
599 499 747 561 hominem
773 499 860 560 illum
882 499 1010 560 debilem
1032 501 1063 560 in
1086 519 1220 578 corpore

195 589 279 649 etin
301 589 434 650 moribus
456 609 490 649 ac
511 589 544 648 in
565 607 653 650 aenan
675 606 729 648 auo
751 589 937 666 aliquantum
968 590 1054 649 velnt
1081 609 1220 650 vacnum

167 679 276 740 osacit.
321 676 379 738 Sed
400 678 426 738 si
447 697 563 738 necesse
583 676 731 752 habuerit,
759 681 894 738 cocturae
916 679 1036 738 interim
1063 679 1156 739 faciat
1184 683 1221 739 et

195 786 249 843 per
271 767 515 828 scarificationem
536 767 709 844 sangninem
732 767 857 843 emittat,
886 767 966 844 qnod
988 767 1073 844 tabee
1092 768 1124 828 in
1144 785 1219 828 aan-

195 857 284 934 guine
306 856 449 917 iuvenum
470 857 566 933 megia
589 855 742 916 habundat
760 875 850 932 qnam
877 856 908 915 in
932 857 1075 934 sangnine
1098 876 1218 918 aenum.

195 945 357 1022 Postquam
391 949 492 1006 antem
525 945 614 1006 homo
649 949 768 1021 tempna
801 945 907 1005 aetatis
938 945 1020 1005 illins
1051 946 1219 1018 ammonit

89 1031 92 1036 ’
196 1035 274 1111 quod
299 1035 359 1095 iam
383 1035 512 1110 amplius
534 1035 566 1093 in
588 1052 710 1110 corpora
724 1035 903 1094 naturaliter
916 1053 976 1095 non
991 1037 1104 1113 crescit,
1126 1036 1221 1095 velut

154 1136 182 1184 10
194 1127 262 1201 poet
284 1124 392 1202 viginti
407 1142 499 1185 annos
515 1127 567 1196 eat
591 1123 616 1182 si
639 1127 712 1184 tnnc
733 1126 857 1199 propter
872 1123 1076 1184 infirmitatem
1095 1143 1219 1186 necesse

195 1213 342 1286 habuerit,
376 1231 464 1273 venas
497 1212 615 1285 incidat,
647 1211 699 1272 aad
729 1216 828 1272 tamen
857 1212 1009 1273 moderate
1036 1215 1218 1290 sangninem

195 1302 321 1362 emittat.
366 1301 398 1362 Si
418 1321 490 1362 vero
512 1320 600 1364 sanna
622 1301 654 1362 in
674 1319 796 1378 corpora
820 1305 872 1377 eat,
902 1319 992 1362 venas
1011 1321 1071 1363 non
1090 1302 1217 1378 incidat,

195 1392 247 1452 aad
261 1391 503 1452 scarificationem
517 1391 627 1450 habeat
640 1393 671 1450 et
686 1393 822 1450 cocturas
836 1391 935 1461 faciat,
959 1392 1100 1467 quoniam
1119 1409 1218 1452 venae

196 1482 227 1540 et
256 1468 377 1557 sanguia
405 1480 470 1540 aina
501 1480 633 1540 nondum
665 1478 704 1538 ad
731 1479 939 1540 fortitudinem
960 1498 1047 1541 snam
1069 1499 1217 1558 pervene-

156 1572 275 1632 15runt.
320 1567 396 1630 (lum
418 1573 519 1630 antem
541 1569 579 1629 ad
601 1568 762 1644 perfectam
790 1571 917 1628 aetatem
947 1569 1060 1629 scilicet
1085 1569 1218 1647 triginta

196 1676 341 1718 annornm
363 1658 538 1735 pervenerit,
560 1662 640 1734 tunc,
664 1657 725 1718 sire
740 1657 875 1718 infirmus
895 1658 956 1717 aira
971 1677 1061 1718 sanna
1075 1653 1125 1736 ait
1147 1677 1217 1719 san-

196 1748 317 1826 gninem
338 1748 370 1808 in
392 1748 475 1810 venia
503 1748 624 1808 licenter
650 1747 779 1822 minuat,
810 1747 882 1823 qnia
908 1765 999 1806 venae
1030 1751 1062 1808 et
1091 1750 1217 1826 sangnis

195 1837 289 1914 ipsine
312 1836 350 1897 ad
371 1837 580 1914 perfectionem
603 1855 688 1896 auam
709 1837 770 1896 iam
791 1836 988 1912 pervenerint,
1010 1840 1041 1897 et
1054 1837 1216 1897 sanitatem

198 1927 330 2002 eorporis
352 1927 400 1986 aui
422 1925 570 1986 retinebit

84 2069 86 2074 .
156 2029 184 2074 a>
264 2016 309 2076 Dc
331 2015 648 2088 cumdiscretam.
679 2012 778 2074 Homo
793 2016 901 2088 antem
924 2015 1010 2075 onina
1032 2015 1153 2093 sanguis
1176 2016 1214 2075 de

199 2121 274 2166 vena
296 2104 420 2165 emissus
441 2103 598 2165 turbidum
621 2101 750 2164 colorem
779 2103 934 2176 (habet),
963 2108 1000 2164 ut
1026 2104 1140 2164 halitus
1162 2103 1213 2164 ho·

197 2194 286 2254 minis
309 2196 361 2265 eat,
385 2196 416 2253 et
438 2193 491 2270 qui
513 2193 591 2252 inter
605 2192 733 2252 colorem
752 2193 840 2253 illum
858 2194 960 2272 nigras
978 2193 1110 2254 maculae
1124 2193 1213 2253 habat

198 2283 280 2342 etin
303 2283 432 2344 cirenitn
454 2301 516 2356 suo,
550 2282 582 2340 id
604 2281 701 2340 estin
733 2280 856 2354 ambitu,
890 2283 977 2359 qnasi
1008 2299 1129 2342 carosne
1159 2287 1212 2358 eal,

199 2372 259 2432 cito
293 2371 445 2444 morietur,
480 2371 537 2431 niai
570 2370 643 2430 dena
675 2370 815 2430 restituat
837 2391 906 2431 enm
929 2372 967 2431 ad
989 2371 1091 2436 vitem
1136 2369 1211 2431 Nam

157 2473 184 2518 25
196 2460 336 2522 turbidus
358 2461 439 2520 color
461 2461 492 2519 in
514 2460 658 2537 sanguino
674 2459 810 2536 ostendit,
832 2460 913 2537 qnod
927 2460 1068 2522 honora
1082 2461 1115 2519 in
1129 2461 1212 2538 frigi·

197 2551 289 2612 ditate
301 2551 338 2610 ad
349 2552 476 2610 montem
488 2550 562 2610 moti
572 2551 650 2624 sunt
661 2549 741 2626 nigri
753 2552 854 2610 antem
863 2554 1011 2610 mamam
1021 2549 1053 2608 in
1067 2550 1210 2627 sangnine

197 2640 399 2700 melancoliam
422 2639 460 2698 ad
483 2642 609 2700 mortem
632 2641 745 2698 motam
760 2656 821 2700 erae
836 2639 1048 2714 demonstrant
1070 2639 1211 2698 circmtna

198 2747 267 2789 vero
290 2729 321 2788 in
343 2729 485 2806 sanguino
507 2746 626 2790 concaua
647 2727 688 2786 iel
710 2727 800 2788 etiam
823 2727 862 2786 ad
875 2733 1003 2788 mortem
1016 2731 1135 2788 motum
1150 2745 1210 2788 asae

198 2817 361 2881 denuntiat
405 2813 539 2888 Quodsi
561 2817 643 2878 color
669 2817 822 2894 sanguinis
848 2816 977 2878 hominia
1000 2816 1142 2880 turbidus
1168 2820 1212 2876 eat

157 2919 185 2964 30
199 2909 230 2966 at
251 2924 367 2966 carosus
391 2906 501 2983 absque
524 2907 617 2984 nigris
639 2905 778 2981 maculis,
810 2909 938 2966 mortem
961 2905 1086 2967 eradere
1105 2909 1210 2982 polest

197 2995 249 3056 aad
271 2998 370 3056 tamen
392 2996 523 3056 multum
545 2996 727 3071 infirmatur,
756 2995 828 3070 qnia
853 2996 990 3073 quamvis
1015 2994 1154 3055 humores
1179 2994 1211 3053 in

198 3083 366 3162 frigiditate
394 3084 430 3144 ad
459 3091 585 3146 mortem
612 3084 687 3144 moti
717 3087 800 3156 anni,
833 3085 913 3162 nigri
944 3087 1044 3144 tamen
1072 3087 1211 3146 &roman

197 3173 387 3236 melancoliae
406 3173 539 3234 nondum
553 3174 629 3234 moti
644 3176 722 3236 sunt.
757 3173 797 3233 nt
810 3173 877 3234 ideo
891 3173 943 3233 ille
957 3177 1084 3234 mortam
1099 3171 1210 3234 oraim

198 3262 230 3324 Si
252 3267 353 3326 antem
374 3263 459 3340 niger
482 3267 528 3324 est
549 3266 579 3323 et
601 3261 740 3324 turbidus
761 3261 872 3339 absque
895 3280 996 3323 caroso
1012 3263 1118 3338 colore,
1140 3266 1211 3322 tnnc

157 3355 286 3414 schemo
308 3352 360 3412 ille
381 3351 414 3414 in
435 3372 544 3431 magna
566 3351 768 3428 desperatione
790 3355 843 3425 eat,
865 3353 909 3412 ita
930 3355 967 3412 ut
985 3371 1045 3412 non
1060 3350 1209 3427 liberator,

197 3441 261 3504 nisi,
278 3441 352 3504 <lani
372 3441 479 3504 libaret
501 3462 584 3516 anm;
606 3442 657 3502 sed
679 3444 778 3502 tamon
792 3441 897 3502 evadet
911 3444 1046 3518 mortem,
1069 3440 1209 3518 qnoniam

198 3531 334 3608 quamvis
367 3531 539 3593 melancolia
571 3533 603 3591 et
632 3530 772 3591 humores
805 3531 844 3590 ad
872 3533 1000 3592 mortem
1030 3530 1104 3590 moti
1131 3534 1207 3604 aunt,
