2662 3932
410 120 550 186 caused
570 121 616 175 ΕΤ
636 121 755 176 GURAE
772 121 839 176 LIB.
860 122 894 175 ll.
1098 127 1160 186 139

117 306 199 364 ante
226 306 434 366 maturitatem
462 303 620 364 habuisset.
650 304 679 363 A
695 305 941 380 quinquagesimo
963 308 1063 364 autem
1086 325 1161 365 anno

120 395 273 469 pueriles
298 397 326 453 et
349 394 499 453 instabiles
522 412 618 452 mores
640 390 728 452 homo
752 393 859 452 deserit
882 397 912 452 et
935 394 1054 454 stabiles
1069 413 1163 454 mares

121 483 349 560 apprehendit,
372 485 402 542 et
424 483 449 542 si
471 482 576 542 viridis
599 487 629 542 et
651 483 737 542 fortis
759 485 882 541 naturae
906 485 961 557 est,
990 485 1064 543 tunc
1086 484 1164 543 calor

121 571 349 634 delectationis
374 573 452 632 circa
474 572 724 648 septuagesimum
752 591 862 630 annum
892 572 928 630 ab
961 589 994 630 eo
1028 563 1163 648 declinat,

120 661 153 722 si
195 681 274 722 vero
307 661 412 726 debilis
444 663 567 722 naturae
599 661 700 735 fuerit,
731 663 804 719 tunc
839 661 916 720 circa
949 662 1191 738 sexagesimume

122 770 256 810 annum
278 751 309 810 in
331 750 383 809 illo
408 751 589 824 attenuatur,
624 753 654 808 et
688 750 731 808 ita
763 767 859 825 usque
891 749 928 808 ad
951 752 1164 826 octogesimum

124 858 266 912 annum3
296 839 331 898 ab
354 839 533 916 octogesimo
557 842 657 898 autem
679 857 753 899 anuo
775 838 836 896 iam
858 839 890 896 in
912 857 946 898 eo
970 839 1164 916 extinguitur.

125 928 250 988 Puella
273 948 292 986 a
314 927 489 988 duodecimo
513 929 617 987 aetatis
639 947 708 986 auae
731 947 807 987 anno
823 930 946 1005 gustum
962 927 1164 988 delectationis

126 1017 167 1076 in
195 1037 229 1078 se
251 1017 349 1089 sentit,
373 1020 404 1077 et
425 1019 499 1076 tunc
521 1017 611 1078 etiam
634 1017 670 1075 de
684 1017 801 1076 lascivis
816 1015 1046 1093 cogitationibus
1060 1035 1165 1094 spuma

129 1106 346 1168 delectationis
369 1105 405 1165 de
427 1106 480 1164 illa
501 1105 588 1164 facile
611 1105 746 1180 exsudat,
780 1105 915 1181 quamvis
943 1105 1043 1164 eadem
1073 1105 1164 1165 delec·
1180 1114 1207 1159 10
1240 1109 1243 1113 '

128 1197 218 1256 tatio
242 1195 376 1255 nondum
401 1197 520 1253 matura
544 1195 581 1254 ad
604 1212 702 1253 semen
725 1195 773 1259 sit.
818 1194 858 1254 Et
873 1213 941 1254 cum
955 1195 1055 1272 puella
1070 1195 1166 1254 adhuc

129 1285 305 1346 immatura
327 1287 380 1360 est,
405 1286 570 1360 oportetut
592 1283 818 1361 diligentissima
839 1283 973 1344 custodia
988 1288 1165 1356 coerceatur,

131 1394 179 1434 ne
201 1375 235 1432 in
257 1373 413 1433 lasciviam
432 1369 530 1448 vadat,
562 1373 642 1450 quod
675 1376 746 1432 tunc
776 1373 871 1450 magis
895 1393 985 1450 quam
1009 1374 1066 1432 alio
1089 1377 1163 1433 tem·

132 1483 217 1541 pore
239 1463 448 1539 inrogatione
473 1463 579 1522 mentis
603 1461 747 1520 dissoluta
775 1465 826 1523 est.
871 1461 946 1522 Nam
974 1481 1041 1522 oum
1069 1463 1166 1522 adhuc

135 1553 175 1612 in
197 1552 361 1614 imruatura
383 1553 478 1612 aetate
500 1551 608 1610 fertilis
630 1554 761 1622 nonest,
785 1552 810 1610 si
825 1554 897 1612 tunc
911 1570 970 1610 non
986 1553 1165 1628 custoditur,
1179 1560 1206 1604 15

137 1645 179 1701 ut
194 1639 383 1718 praedictum
398 1643 451 1714 est,
473 1658 574 1702 sensus
588 1639 751 1699 honestatis
766 1643 796 1699 et
811 1641 936 1716 pudoris
952 1644 1043 1717 atque
1057 1641 1166 1700 bonam

139 1730 297 1791 scientiam
331 1749 404 1805 prae
437 1731 597 1790 immatura
631 1729 822 1788 delectatione
857 1733 888 1788 et
919 1729 1058 1789 libertate
1080 1730 1165 1790 facile

140 1819 252 1896 perdit
275 1819 318 1878 ita
341 1818 421 1895 quod
444 1819 533 1878 etiam
555 1821 677 1894 propter
700 1819 807 1878 malam
830 1818 1073 1880 consuetudinem
1088 1821 1166 1894 post·

141 1909 271 1970 modum
299 1925 395 1968 mores
423 1926 565 1983 pecorum
595 1908 689 1984 magis
721 1926 811 1983 quam
842 1906 994 1966 hominum
1018 1907 1165 1969 imitatur.

142 1998 180 2058 In
204 1997 446 2074 quintodecimo
470 1999 667 2058 autemanno
692 1997 797 2056 aetatis
819 1996 910 2069 illius,
943 1996 969 2056 si
999 1995 1104 2056 viridis
1136 2000 1166 2056 et
1180 2003 1208 2049 2⁰

143 2086 285 2146 humidae
320 2089 445 2146 naturae
477 2087 577 2157 fuerit,
612 2085 766 2146 delectatio
796 2086 828 2144 in
859 2105 894 2144 ea
915 2085 975 2144 iam
998 2089 1116 2144 matina
1138 2089 1168 2144 et

146 2176 256 2236 fertilis
280 2179 342 2250 est,.
356 2176 403 2234 vel
426 2175 452 2234 si
474 2175 578 2234 debilis
601 2178 631 2234 et
652 2174 785 2234 infirmae
807 2178 931 2234 naturae
959 2177 1015 2247 est,
1043 2177 1115 2234 tuno
1137 2175 1168 2234 in

147 2269 231 2326 sexto
254 2263 367 2323 decimo
391 2281 467 2322 anno
490 2263 526 2322 ad
550 2265 758 2324 maturitatem.
777 2263 941 2324 fertilitatis
963 2265 1109 2340 pervenit,
1136 2282 1169 2323 ac

148 2353 254 2413 deinde
277 2356 428 2412 maturum
451 2356 482 2412 et
502 2354 624 2429 plenum
646 2353 831 2414 intellectum
853 2353 943 2413 habet
965 2358 996 2412 et
1018 2355 1056 2412 ad
1078 2353 1168 2413 stabi·

147 2443 238 2502 liores
260 2461 356 2501 mores
388 2442 506 2517 accedit,
540 2462 630 2518 quam
662 2443 747 2518 prius
776 2443 897 2504 fecisset.
943 2441 1000 2501 Sed
1031 2446 1061 2502 et
1093 2444 1169 2502 circa
1182 2450 1210 2494 25

148 2532 431 2610 quinquagesimum
476 2531 582 2591 aetatis
623 2551 693 2590 suae
736 2551 846 2590 annum
886 2531 1034 2608 puellares
1072 2549 1169 2592 mores

148 2625 180 2680 et
218 2624 320 2697 gestus
361 2619 564 2680 instabilitatis
602 2620 693 2679 abicit
732 2624 763 2680 et
803 2621 1002 2696 compositum
1040 2640 1072 2678 ac
1110 2624 1167 2680 sta·

148 2709 241 2770 bilem
264 2714 396 2769 tenorem
423 2710 454 2770 in
487 2708 617 2769 moribus
649 2710 711 2768 suis
743 2709 846 2768 deinde
877 2712 965 2768 tenet.
1012 2708 1043 2768 Si
1071 2713 1169 2769 autem

148 2798 291 2858 humidae
329 2800 359 2856 et
395 2798 499 2858 viridis
538 2817 571 2858 ac
593 2798 681 2858 fortis
717 2802 842 2858 naturae
885 2803 941 2874 est,
984 2801 1056 2858 tunc
1093 2799 1171 2859 circa

148 2888 398 2964 septuagesimum
428 2907 539 2946 annum
567 2887 722 2947 delectatio
751 2888 846 2948 carnis
873 2889 904 2946 in
931 2908 965 2947 ea
989 2891 1169 2964 attenuatur,
1183 2895 1211 2941 oo

149 2978 175 3037 si
205 2980 304 3036 autem
334 2980 453 3035 tenuem
491 2980 521 3036 et
557 2977 703 3035 infirmam
737 2981 875 3036 naturam
913 2977 1063 3053 habuerit,
1099 2981 1171 3037 tunc

149 3067 228 3126 circa
261 3065 475 3144 sexagesimum
505 3085 614 3125 annum
646 3065 683 3124 ab
711 3085 744 3124 ea
772 3066 898 3148 declinat
927 3069 958 3125 et
984 3068 1062 3126 cirea
1093 3069 1170 3126 octo·
1269 3137 1281 3152 κ

149 3157 295 3233 gesimum
330 3174 441 3213 annum
476 3174 540 3213 eam
575 3155 696 3230 deserit,
730 3155 980 3232 quemadmodum
1011 3156 1100 3214 etiam
1135 3155 1170 3215 de

148 3245 280 3304 masculo
308 3243 492 3319 praedictum
521 3247 572 3304 est.
620 3243 677 3314 Qui
702 3247 801 3303 autem
821 3262 917 3303 semen
937 3263 1024 3304 suum
1048 3245 1078 3303 in
1105 3245 1171 3303 libi-

149 3333 217 3393 dine
240 3336 277 3393 ut
298 3333 373 3391 asini
397 3333 557 3409 excutiunt,
581 3333 686 3392 rubeos
710 3333 810 3393 oeulos
833 3340 863 3394 et
885 3334 990 3409 pellam
1015 3334 1168 3394 oculorum
1183 3341 1210 3386 35

149 3423 273 3498 spissam
306 3422 409 3480 exinde
440 3421 634 3498 contrahunt,
667 3425 696 3481 et
726 3421 830 3482 exinde
862 3424 951 3482 etiam
984 3423 1171 3499 aliquantum

149 3511 181 3570 in
215 3511 309 3572 oculis
337 3511 473 3587 caligant.
518 3511 577 3581 Qui
599 3530 668 3572 vero
691 3511 841 3570 moderate
869 3514 899 3572 et
928 3529 996 3570 oum
1019 3511 1172 3588 disciplina
