2662 3932
187 160 229 218 94
574 147 821 205 HILDEGARDIS

188 337 269 414 quod
291 338 395 412 postea
417 353 488 412 prae
511 333 700 411 spissitudine
722 336 758 392 ut
780 332 859 391 fellis
881 331 994 390 auferri
1009 350 1068 393 non
1083 333 1228 407 poterit,

188 429 218 484 00
239 426 283 484 ita
306 423 417 502 albugo
439 424 471 482 in
494 424 580 483 oculo
603 423 729 483 hominis
749 421 889 481 nascitur.
927 419 985 480 Sed
1008 426 1038 480 00
1061 440 1096 480 ex
1117 420 1225 498 frigi-

108 547 111 551 ·
188 515 280 574 ditate
303 513 464 572 humorum
488 516 519 572 et
540 532 575 572 ex
597 510 772 571 melancolia
794 510 897 570 eadem
919 509 1028 588 albugo
1052 509 1161 572 oritur.

253 604 301 662 De
324 603 474 662 oculorum
494 602 637 663 lacrimis,
664 598 740 660 Cum
760 602 860 658 autam
882 599 1010 659 ancxiis
1026 599 1225 658 humoribus

161 693 219 751 sin
242 691 336 752 oculis
358 691 484 752 alicuius
507 690 635 750 hominis
658 708 737 765 aqua
759 688 1075 765 superhabundaverit,
1103 688 1225 748 eadem

190 801 269 858 0000
290 781 403 858 ignem,
435 779 542 856 quiin
565 779 659 838 000110
686 778 747 837 11110
770 781 826 853 est,
858 777 984 838 suffocat
1006 780 1037 836 00
1058 777 1221 849 absorbet,

189 871 283 930 etsie
305 871 384 930 idem
408 869 487 928 oculi
510 869 702 942 humescunt,
734 867 820 944 quasi
842 866 1050 941 lacrimantur,
1082 868 1113 925 00
1136 867 1221 925 0011-

190 979 261 1038 gare
283 959 442 1034 incipiunt.

255 1047 308 1108 Aa
329 1049 475 1109 audilam.
521 1045 657 1121 Cumque
683 1043 853 1104 stomachus
875 1043 1002 1103 hominis
1028 1043 1219 1116 infirmatur,

150 1149 177 1194 10
190 1157 224 1198 en
246 1138 311 1214 ipso
335 1136 486 1196 interdum
508 1136 615 1212 flegma
641 1134 674 1192 iu
703 1137 794 1211 caput
819 1133 883 1194 eins
912 1133 1081 1192 extenditur
1111 1137 1141 1194 00
1170 1134 1216 1193 ad

190 1245 275 1286 aures
299 1225 378 1285 cadit
400 1228 490 1300 atque
515 1224 652 1283 auditum
674 1223 802 1282 hominis
818 1221 981 1282 confundit.
1020 1221 1077 1282 Sed
1098 1223 1217 1298 flegma

190 1315 349 1392 aliquando
377 1313 554 1388 minoratur,
585 1312 745 1389 aliquando
773 1315 910 1389 augetur,
938 1313 968 1370 et
994 1311 1080 1370 facile
1108 1313 1215 1370 curari

190 1407 220 1464 et
243 1402 352 1479 depelli
374 1404 480 1479 potest.
510 1401 581 1461 Mali
598 1421 718 1478 quoqne
732 1400 871 1461 humores
891 1401 922 1459 in
937 1399 1054 1459 homine
1078 1400 1216 1476 aliquem

190 1495 308 1552 fumum
323 1491 439 1551 faciunt
454 1495 484 1550 et
498 1492 624 1551 eundem
639 1492 758 1550 fumum
773 1490 810 1549 ad
826 1492 918 1566 caput
939 1491 970 1548 00
992 1489 1030 1548 01
1052 1490 1216 1549 cerebrum

150 1582 346 1650 comittunt,
378 1584 408 1640 et
433 1580 535 1640 fumus
562 1580 641 1640 idem
671 1579 709 1639 ad
737 1597 824 1640 aures
846 1578 987 1639 'tenditur
1015 1582 1045 1638 et
1068 1578 1213 1638 auditum

192 1670 320 1731 obdurat
343 1681 377 1729 00·
400 1670 452 1729 (110
475 1670 518 1729 101
540 1673 640 1728 manet
663 1673 693 1729 00
715 1667 836 1728 difficile
860 1670 992 1728 curatur.

257 1761 305 1820 Dc
327 1760 462 1820 (10001000
485 1760 593 1822 dolore.
623 1752 663 1818 Et
677 1757 823 1835 quaedam
845 1755 1060 1816 minutissimae
1082 1757 1214 1818 venulae

191 1850 366 1920 cuteeulam,
390 1848 502 1908 scilicet
524 1847 739 1918 membranam,
762 1847 794 1905 in
817 1866 876 1923 qua
899 1846 1054 1906 cerebrum
1075 1846 1213 1921 positum

191 1941 243 2013 000,
266 1938 449 1998 circumdant
481 1941 512 1997 00
542 1956 572 1996 00
602 1938 640 1997 ad
668 1937 825 2014 ginguivas
854 1935 987 1995 dentium
1015 1938 1046 1994 ct
1068 1935 1103 1993 01
1126 1936 1212 2012 ipsos

150 2038 179 2083 20
193 2027 293 2087 dentes
325 2027 495 2090 extendunt.
541 2026 622 2097 Quae
654 2027 727 2085 dum
757 2025 836 2084 malo
868 2028 897 2085 00
932 2025 1080 2100 superfluo
1118 2028 1216 2100 atque

191 2117 314 2192 putrido
337 2117 482 2192 sanguine
505 2116 667 2192 replentur,
690 2117 721 2174 00
740 2113 813 2174 (1οι0
829 2133 846 2172 0
861 2133 966 2189 spuma
981 2114 1013 2172 in
1027 2113 1215 2190 purgatione

192 2205 304 2264 cerebri
326 2205 482 2277 vitiantur,
504 2205 694 2280 putredinem
717 2207 747 2262 00
769 2204 902 2263 dolorem
917 2222 952 2262 ex
982 2202 1144 2275 (cerebro)
1170 2203 1213 2262 ad

192 2294 350 2371 ginguivas
378 2293 514 2352 dentium
544 2297 574 2352 00
602 2293 639 2352 01
668 2294 748 2369 ipsos
777 2292 878 2352 dentes
906 2294 1036 2368 portant.
1081 2291 1121 2350 m
1142 2292 1217 2352 ideo

192 2383 293 2442 eadem
308 2401 384 2452 caro,
409 2401 485 2458 quae
502 2382 580 2442 circa
595 2383 696 2441 100000
711 2387 762 2456 est,
785 2382 828 2440 sic
842 2381 1013 2440 intumescit
1028 2387 1058 2440 00
1073 2379 1218 2442 maxillae

151 2472 319 2531 0510001010
350 2471 440 2542 illius,
470 2474 501 2530 00
532 2472 575 2530 ita
607 2470 696 2530 homo
727 2469 807 2529 idem
838 2470 869 2528 in
901 2469 1052 2547 ginguivis
1076 2469 1215 2528 dentium

192 2561 281 2623 dolet.
325 2560 357 2620 Si
380 2564 481 2620 autem
502 2560 591 2619 homo
614 2561 716 2619 dentes
738 2577 808 2618 0000
831 2577 901 2618 cum
923 2578 1002 2636 0000
1021 2558 1214 2618 100001010-

192 2651 311 2710 terdum
334 2669 419 2725 saepe
442 2669 501 2710 non
523 2653 645 2727 purgat,
670 2648 774 2731 exinde
796 2648 874 2707 livor
896 2648 928 2706 in
948 2667 1042 2718 carne,
1066 2648 1217 2723 00101000

193 2740 293 2799 100000
316 2740 369 2814 000,
392 2739 542 2798 interdum
564 2739 671 2798 crescit
692 2740 723 2798 00
750 2740 878 2814 augetur
905 2741 936 2797 et
962 2756 997 2796 ex
1023 2736 1080 2796 hoc
1110 2737 1214 2796 andem

193 2847 260 2888 carc
284 2828 461 2902 infirmatur,
485 2846 520 2887 ac
542 2828 585 2886 100
608 2827 644 2887 (10
659 2827 831 2901 1100001110,
855 2826 1213 2903 001010001000001000-

152 2920 307 2976 ecberctus
331 2919 383 2992 000,
408 2935 523 2976 vermes
545 2917 577 2976 in
600 2916 738 2977 dentibus
753 2916 913 2992 aliquando
929 2923 1100 2986 nascuntur,
1123 2915 1213 2975 00010

193 3024 260 3066 caro
287 3006 365 3065 circa
386 3005 492 3066 dentes
514 3006 695 3078 intumescit,
718 3009 749 3066 00
771 3004 859 3066 homo
881 3004 950 3064 inde
975 3005 1063 3064 dolet.
1322 3069 1323 3076 ἶ

259 3096 305 3156 De
327 3093 420 3174 farra
441 3096 556 3157 ranae.
602 3094 660 3154 aas
681 3094 777 3170 aomo,
801 3094 908 3171 quiin
931 3093 1109 3165 000000,
1138 3092 1209 3152 eum
1322 3077 1323 3102 ¹

191 3185 323 3244 1010000
347 3183 506 3260 decumbit,
536 3185 568 3244 in
595 3184 669 3244 facie
691 3183 793 3259 rubet,
822 3183 996 3260 sanguinem
1023 3182 1059 3242 ab
1087 3181 1210 3242 infirmis

192 3273 354 3334 visceribus
383 3273 535 3332 infirmum
561 3276 591 3332 00
613 3291 790 3334 venenosum
813 3271 910 3347 habet,
939 3275 969 3331 et
991 3271 1059 3330 1100
1081 3271 1113 3330 10
1135 3271 1210 3330 facie

150 3373 180 3418 35
193 3363 290 3424 rubet.
314 3361 389 3421 Nam
403 3365 500 3422 malus
515 3362 624 3422 humor
635 3362 671 3422 de
688 3363 770 3422 venis
786 3361 849 3420 0100
864 3361 1026 3438 egreditur,
1038 3361 1091 3436 qni
1107 3378 1207 3420 carnes

192 3453 287 3529 ipsius
309 3453 402 3511 intrat
425 3454 456 3512 et
476 3452 643 3528 pertransit,
665 3452 709 3511 ita
729 3450 810 3527 0001
831 3449 934 3510 exinde
949 3450 981 3509 in
997 3448 1149 3509 debilitate
1165 3468 1207 3508 ex·

192 3541 343 3602 tolluntur
365 3545 395 3601 00
416 3541 647 3618 ingrossescunt,
675 3541 760 3600 velut
785 3538 992 3600 minutissimis
1015 3537 1210 3598 foraminibus
