2662 3932
370 155 512 211 CAUSAE
531 157 578 212 ΕΤ
597 155 719 213 CURAE
738 155 806 211 LIB.
825 156 859 211 11.
1058 162 1120 222 107

163 341 215 400 De
232 341 378 400 menstrui
393 341 564 400 retentione.
595 339 630 398 In
646 338 824 415 quibusdam
838 342 939 399 autem
958 341 1122 400 iuventutis

96 429 282 490 mulieribus
293 429 466 504 multotiens
477 431 583 506 guttae
597 428 766 489 rivulorum
776 429 927 505 sanguinis
939 447 1041 488 aarum
1052 449 1123 505 prae

91 518 227 579 tristitia
239 519 281 579 sio
294 518 463 578 effluentem
474 517 647 595 sanguinem
660 517 794 577 mulieris
807 518 892 578 valde
905 518 1122 595 coustringunt,

95 608 246 686 quoniam
261 626 350 668 venae
364 607 444 666 huno
459 607 632 683 sanguinem
648 606 686 665 ad
701 606 872 666 effusionem
887 606 978 666 rivuli
993 610 1123 682 portant,

96 716 176 775 quae
212 697 251 755 de
284 696 419 772 suspiriis
452 695 672 755 contrahuntur
705 698 736 755 et
768 699 916 756 arescunt.
962 694 1018 754 Sed
1046 697 1151 756 siouts

96 787 190 846 arbor
205 786 241 844 in
255 788 366 844 aestate
381 785 418 846 de
432 784 495 844 sole
509 784 596 844 floret
611 787 641 844 et
656 783 783 859 frondet,
807 784 850 843 ita
866 784 955 843 etiam
970 788 1123 844 menstrua

96 875 265 935 mulierum
289 875 326 934 de
347 872 463 934 laetitia
485 873 660 932 multotiens
676 873 861 950 aperiuntur,
885 875 915 932 et
937 876 974 932 ut
994 873 1123 950 frigidus

97 967 207 1025 ventus
232 967 263 1023 et
286 963 357 1040 gelu
380 966 410 1022 et
432 962 525 1022 biems
547 962 619 1021 folia
642 964 672 1020 et
696 980 794 1021 ramos
823 961 964 1021 arborum
992 962 1122 1039 arefacit,

99 1053 142 1114 sio
165 1053 262 1113 etiam
277 1052 369 1112 rivuli
385 1051 546 1128 sanguinis,
569 1051 622 1127 qui
638 1050 674 1110 de
689 1051 814 1112 muliere
830 1069 949 1110 manare
970 1049 1124 1127 debebant,

98 1161 151 1218 per
173 1141 335 1202 tristitiam
358 1159 444 1218 saepe
466 1142 613 1201 aresount.
658 1139 698 1198 Et
725 1159 794 1199 oum
824 1141 914 1198 etiam
940 1140 973 1198 in
1000 1140 1122 1217 quibus·
1138 1155 1167 1200 10

102 1231 169 1290 dem
192 1231 315 1291 feminis
337 1229 374 1291 de
396 1230 603 1306 superfluitate
624 1229 835 1288 infirmitatum
857 1249 960 1288 aarum
974 1229 1124 1304 humores,

101 1320 156 1396 qui
178 1321 212 1380 in
236 1320 280 1380 eis
302 1322 381 1395 sunt,
404 1319 435 1379 in
459 1319 611 1378 diversum
633 1321 663 1376 et
685 1319 869 1378 eontrarium
891 1318 1005 1376 malum
1024 1336 1125 1394 super·

102 1408 280 1468 habundant
295 1411 325 1469 et
340 1409 473 1480 effluunt,
494 1426 589 1482 venus,
606 1426 683 1482 quae
697 1407 812 1466 rivulos
827 1407 979 1484 sanguinis
994 1411 1125 1484 portant,

103 1497 134 1556 in
156 1498 232 1574 ipsis
257 1497 473 1574 constringunt,
496 1497 540 1557 ite
563 1496 645 1573 quod
667 1498 819 1556 menstrua
842 1515 945 1556 earum
977 1496 1126 1573 deficiunt,

104 1587 173 1662 quia
195 1589 390 1663 tempestates
409 1585 571 1660 humorum
590 1584 736 1644 iniustum
755 1585 855 1662 frigus
875 1589 905 1644 et
924 1585 1127 1646 diversitatem
1141 1600 1168 1646 15

103 1675 209 1736 caloris
231 1679 351 1752 parant,
372 1676 415 1734 ita
438 1675 520 1751 quod
543 1673 663 1750 sanguis
686 1692 789 1733 earum
816 1674 969 1734 interdum
998 1675 1126 1752 frigidus

105 1765 149 1824 est
170 1768 201 1824 et
231 1764 315 1842 quod
344 1764 495 1824 interdum
526 1763 634 1835 fervet;
665 1761 744 1821 unde
774 1762 864 1821 etiam
890 1763 1007 1823 diverso
1037 1763 1126 1823 modo

106 1853 136 1912 in
159 1855 201 1914 eis
224 1854 282 1914 baa
306 1855 336 1913 et
358 1853 426 1913 illao
449 1852 603 1925 disourrit3
627 1853 657 1910 et
679 1854 752 1911 tuno
774 1870 872 1928 venae,
897 1871 973 1928 quae
992 1855 1126 1928 tempore

106 1960 157 2002 suo
192 1943 317 2003 effluere
351 1941 505 2016 debebant,
538 1943 662 2017 propter
692 1939 873 2016 ariditatem,
908 1960 998 2017 quam
1031 1942 1063 2000 in
1097 1959 1127 2002 se

107 2030 223 2107 babent,
248 2032 422 2108 obligantur
443 2034 475 2090 et
496 2049 556 2090 non
579 2030 714 2092 effluunt.
759 2027 815 2089 Sed
838 2034 868 2089 et
890 2030 965 2089 aliae
981 2031 1126 2106 quaedam
1140 2046 1168 2090 uo

112 2120 236 2181 feminae
259 2125 339 2196 sunt,
363 2140 439 2198 quae
461 2120 594 2178 infirmas
617 2137 717 2178 earnes
740 2122 770 2179 et
785 2137 895 2178 crassas
910 2118 1028 2195 babent,
1051 2138 1127 2196 quae

112 2210 205 2286 magis
228 2211 266 2269 de
290 2210 445 2270 debilitate
467 2212 498 2268 et
520 2209 557 2268 de
579 2207 721 2267 foeditate
744 2227 847 2267 earum
869 2211 1013 2285 oresount,
1036 2229 1127 2285 quam

113 2296 147 2356 de
166 2303 250 2359 reete
272 2298 426 2359 viriditate
447 2298 576 2359 illarum.
621 2297 661 2355 Et
682 2315 783 2356 earnes
805 2297 878 2356 istae
901 2298 944 2356 ita
964 2317 1128 2375 superares·

115 2390 182 2445 eunt
195 2406 287 2448 venas
303 2390 333 2448 et
348 2407 397 2447 eas
412 2389 455 2446 ita
474 2386 657 2462 opprimunt,
676 2386 757 2463 quod
769 2391 831 2446 tam
847 2387 966 2446 fortiter
983 2388 1126 2448 sonamu-

115 2478 234 2554 guntur,
258 2477 340 2554 quod
372 2476 464 2536 rivuli
494 2475 646 2551 sanguinis
670 2494 772 2534 earum
795 2475 965 2536 obruuntur
987 2480 1017 2536 et
1047 2477 1128 2554 quod
1141 2491 1169 2536 25

115 2567 191 2624 resto
212 2567 347 2642 tempore
371 2584 426 2626 suo
441 2583 500 2625 non
514 2570 639 2640 possunt
654 2565 782 2636 effluere,
806 2565 886 2641 quod
902 2583 955 2624 ora
968 2566 1128 2625 earundem

114 2669 253 2714 venarum
285 2656 329 2714 ita
360 2658 482 2714 onerata
512 2656 543 2713 et
564 2652 701 2713 oouolusa
723 2655 801 2725 sunt,
824 2654 905 2730 quod
927 2653 1040 2714 rivulos
1062 2673 1126 2714 san·

116 2740 209 2816 guinis
223 2744 272 2804 sui
287 2744 437 2804 effundere
450 2761 511 2802 non
525 2746 660 2818 possunt.
682 2740 768 2802 Unde
779 2743 871 2802 etiam
884 2748 915 2803 et
929 2744 1039 2803 matrix
1054 2745 1128 2821 ipss·

115 2846 178 2888 rum
200 2833 379 2892 feminarum
403 2833 446 2891 ita
468 2831 765 2906 superhabundanter
795 2832 1014 2910 impinguescit,
1047 2835 1128 2912 quod

117 2915 170 2976 iter
192 2921 255 2982 eius
277 2925 341 2982 tum
362 2922 482 2982 fortiter
504 2920 732 2998 oonstringitur,
758 2924 795 2980 ut
822 2941 874 2980 vas
902 2923 1024 2999 aliquod
1052 2925 1129 2984 olau-
1142 2933 1170 2979 30

118 3003 203 3085 ditur,
233 3031 270 3071 ne
303 3011 380 3071 illud
412 3011 524 3082 effluat,
558 3010 641 3086 quod
662 3011 694 3068 in
717 3029 747 3070 se
770 3013 864 3083 tenet,
891 3015 921 3071 et
943 3012 986 3070 ita
1008 3015 1129 3091 sanguis

120 3093 178 3154 eius
199 3101 374 3160 oonstriotus
397 3103 529 3176 tempore
552 3116 606 3158 suo
630 3099 777 3175 profluere
799 3119 859 3160 non
881 3103 989 3178 posset.

180 3187 226 3248 De
248 3190 390 3252 calvario.
434 3188 492 3248 Sed
515 3188 596 3264 quod
619 3189 747 3248 calvaria
777 3189 809 3248 in
840 3191 937 3266 oapite
968 3192 1127 3252 mulierum

122 3267 208 3332 divise
229 3282 280 3353 est,
303 3278 359 3338 boo
381 3281 427 3338 est
449 3278 533 3338 velut
555 3277 617 3353 via,
640 3298 694 3354 per
718 3298 808 3355 quam
830 3298 922 3339 venae
944 3281 1129 3357 aperiuntur,

121 3375 183 3420 oum
203 3365 315 3427 rivulos
337 3369 483 3428 menstrui
504 3366 648 3443 temporis
678 3368 819 3431 edueunt.
863 3370 904 3428 Et
932 3387 967 3428 eo
997 3372 1129 3447 tempore
1144 3380 1171 3426 35

124 3445 183 3521 ipsa
207 3456 333 3516 calvaria
364 3457 499 3534 aperitur
530 3458 560 3515 et
589 3457 669 3516 viam
699 3458 780 3516 venis
812 3458 892 3533 fauit,
922 3462 958 3516 ut
989 3460 1130 3536 purgatio

125 3544 333 3604 menstruarum
365 3547 397 3605 in
430 3545 606 3606 mulieribus
643 3547 823 3622 perficiatur.
879 3545 937 3606 Sed
972 3552 1131 3624 postquam
