2668 3924
375 199 516 257 CAUSAE
535 201 582 256 ΕΤ
601 201 721 256 OURAE
739 201 805 257 LIB.
825 202 872 256 llI.
1071 208 1132 268 175

114 386 212 446 cordis
233 385 362 463 mitigas
392 385 499 446 Postea
514 385 698 462 liquiricium
720 386 809 445 101101
831 388 862 446 01
884 387 1043 464 quinquies
1067 389 1134 464 plus

114 475 152 535 dc
175 474 305 535 feniculo
329 478 359 535 01
382 493 484 535 succes
505 475 543 534 cd
565 474 682 551 pondus
706 475 848 551 liquiricii
871 480 962 552 cique
985 477 1135 537 modicum

113 565 212 624 mellis
234 567 266 624 01
288 583 322 623 ex
344 563 401 624 hoo
423 567 540 641 polum,
563 563 594 622 id
617 568 660 622 est
684 564 863 636 lulirdranc,
892 565 982 626 fecici
1012 568 1042 626 01
1073 570 1134 626 ism

113 671 242 729 prensus
265 671 355 729 quam
377 653 495 712 ieiunus
517 658 621 713 conire
641 653 775 713 dolorem
798 653 895 713 cordis
917 653 1009 716 bibct.
1047 654 1134 716 calor

113 743 193 802 enim
230 742 374 820 liquin'oii
407 746 438 801 01
470 743 550 802 color
583 742 705 802 feniculi
736 746 767 802 01
803 743 883 803 color
916 744 1032 803 zuccari
1065 759 1162 804 cums

114 832 213 891 calore
235 831 332 891 mellis
354 832 511 908 lempercii
532 832 668 904 livorem,
692 832 745 908 qui
768 850 818 892 cor
839 833 976 908 hominis,
999 835 1035 892 ul
1049 852 1133 910 prae·

114 921 230 980 dicium
251 923 305 993 001,
341 920 441 980 dolere
462 921 542 994 facil,
577 921 726 985 auferunt.
772 921 913 997 †Aocipe
937 939 1008 999 orgo
1033 922 1133 982 elbum

114 1010 201 1086 piper
224 1010 314 1070 01011
337 1010 400 1070 eius
422 1011 543 1070 icriiem
565 1012 682 1086 perlem
703 1010 856 1070 cuminum
871 1015 963 1087 alque
979 1011 1131 1089 fenugrae-

114 1118 192 1175 cum,
222 1101 369 1176 quantum
390 1099 533 1160 medietas
556 1099 668 1159 cumini
690 1104 807 1175 pensat,
835 1103 866 1160 01
888 1101 961 1160 hoec
983 1101 1135 1177 pulveriza

114 1191 152 1264 01,
176 1190 335 1265 cniequcm
358 1189 390 1246 in
413 1187 499 1248 corde
521 1188 670 1248 defectum
693 1190 802 1250 sentius
821 1190 870 1250 vel
892 1208 960 1250 oum
975 1189 1018 1248 ibi
1033 1189 1134 1250 dolere
1147 1202 1174 1247 10

113 1278 268 1353 inceperis,
290 1276 389 1354 ipsum
412 1279 566 1354 pulverem
588 1277 704 1338 modico
727 1298 803 1354 peno
825 1282 888 1338 tam
910 1279 1027 1339 ieiunus
1042 1298 1134 1355 quum

112 1385 240 1442 pransus
263 1365 376 1426 modice
398 1367 551 1433 manduca.
680 1445 682 1449 y

180 1455 228 1516 De
254 1455 408 1530 pulmonis
434 1456 543 1519 dolore.
588 1455 663 1515 (lum
695 1456 767 1515 muli
797 1460 827 1516 01
859 1457 964 1517 foetidi
997 1458 1135 1518 humores

113 1545 233 1604 fumum
255 1544 294 1603 cd
316 1545 468 1605 cerebrum
492 1545 793 1628 hominisemiituni,
823 1546 905 1622 quod
937 1547 1061 1606 eundem
1085 1548 1132 1605 fu·

114 1653 198 1693 mum
220 1634 260 1693 ed
281 1635 451 1718 pulmonem
474 1635 558 1695 ducii
579 1639 610 1695 01
631 1635 719 1694 illum
742 1635 843 1694 dolere
865 1637 946 1712 facit,
969 1637 1057 1696 homo
1080 1637 1132 1695 ille
1144 1647 1171 1693 15

115 1724 285 1784 lmchwurt
306 1724 433 1800 occipiat
454 1727 485 1784 01
507 1743 571 1783 cum
593 1725 625 1783 in
648 1743 726 1800 equc
749 1728 858 1800 coquel
879 1729 910 1784 01
932 1743 992 1784 non
1006 1726 1038 1784 in
1052 1727 1130 1796 vino,

115 1812 187 1887 quio
209 1811 301 1872 hcrba
322 1813 395 1873 haec
417 1832 484 1873 cum
507 1814 577 1872 vino
601 1818 685 1874 cocio
706 1813 794 1873 nimis
816 1813 902 1874 fortis
925 1818 1008 1889 00001,
1036 1817 1067 1872 01
1088 1815 1132 1874 ita

115 1905 229 1962 coctam
266 1901 298 1960 in
336 1903 396 1962 ollc
427 1902 561 1962 dimittat
590 1904 620 1962 ei
653 1921 707 1978 per
738 1902 934 1978 septimanum
965 1903 1049 1963 bibas
1079 1921 1132 1977 per

114 2009 248 2066 pannum
263 1991 398 2054 colctam.
428 1993 557 2052 ilicum
579 1995 669 2069 polus
691 1992 747 2052 isle
770 1990 919 2067 desecuit,
941 1992 1051 2052 ilerum
1075 1991 1129 2050 ali-

114 2099 167 2138 um
190 2080 293 2140 eodem
315 2079 403 2141 modo
426 2083 542 2157 coqucl.
572 2080 694 2140 Ieiunus
713 2083 814 2140 sulem
835 2100 890 2158 per
912 2082 1044 2159 singulos
1068 2081 1128 2141 dies
1142 2093 1171 2137 20

115 2189 183 2228 cum
198 2168 283 2230 bibat
297 2172 327 2230 01
340 2175 499 2248 postquam
515 2170 683 2242 comederit,
698 2189 793 2247 usquc
809 2170 881 2230 dum
896 2176 1027 2233 senetur.
1057 2170 1133 2230 Num

114 2259 151 2320 (ic
173 2258 277 2318 dolore
300 2260 397 2319 cordis
420 2263 451 2320 01
473 2261 570 2319 colore
593 2259 738 2320 stomachi
762 2261 866 2336 pulmo
889 2261 1133 2321 000110110ηεὶ0-

114 2349 261 2423 firmetur,
295 2350 366 2427 quis
398 2349 603 2408 infirmitatem
637 2349 789 2426 frigiditas
822 2350 931 2410 herbae
953 2350 1043 2410 huius
1066 2369 1133 2409 cum

116 2437 264 2498 suavitate
286 2457 381 2515 cquae
404 2441 570 2515 temperato
592 2437 682 2501 sedat.
732 2438 869 2515 †Aooipe
900 2442 1000 2499 cutem
1030 2440 1134 2498 baccas

115 2527 267 2588 walcoldcr
287 2530 318 2587 01
335 2527 381 2586 bis
396 2531 514 2588 tuntum
534 2527 666 2600 00011000,
690 2530 727 2586 01
748 2527 852 2587 baccus
873 2529 1040 2588 walcaldero
1055 2530 1133 2602 suni,
1146 2536 1175 2582 25

115 2621 146 2677 01
169 2618 300 2677 ommam
330 2617 376 2676 bis
403 2621 534 2690 lanium,
565 2620 602 2676 ui
622 2617 746 2679 mollem
772 2620 830 2692 001,
854 2620 884 2676 01
911 2615 982 2676 hoco
1005 2617 1036 2675 in
1058 2636 1134 2692 puro

115 2709 147 2766 01
179 2705 256 2766 bono
289 2706 359 2766 vino
392 2725 499 2784 coqu03
533 2705 615 2781 quod
636 2709 793 2782 postquem
817 2706 928 2783 feceris,
955 2706 1000 2764 ita
1021 2707 1052 2765 in
1075 2706 1135 2765 ollc

115 2796 235 2856 dimitis
269 2800 299 2856 01
333 2796 459 2856 crudum
493 2798 524 2855 01
553 2796 585 2853 in
619 2795 735 2855 modico
765 2795 861 2855 frusto
892 2795 1018 2856 incisum
1050 2796 1136 2854 alunt

116 2887 237 2962 impone
268 2903 301 2944 cc
333 2885 375 2945 sio
404 2905 458 2962 per
489 2903 621 2961 pennum
656 2885 786 2944 colatum
818 2903 871 2962 per
904 2883 977 2944 dues
1004 2885 1135 2945 veltres

117 2976 296 3051 septimanus
319 2975 437 3034 ieiunus
460 2973 573 3034 modice
588 2973 672 3046 bibc;
696 2974 787 3034 simili
802 2974 890 3034 modo
906 2977 1020 3050 etpost
1035 2972 1134 3033 cibum
1146 2979 1175 3026 ³⁰

116 3068 206 3124 tuum
221 3063 329 3128 =bibere
352 3068 437 3140 potes
465 3069 496 3124 01
527 3065 571 3122 its
593 3062 666 3121 (ium
687 3064 807 3128 saneris.
852 3064 992 3140 †Aocipe
1014 3081 1135 3140 quoque

116 3154 189 3215 dille
211 3158 242 3214 cl
264 3153 421 3214 libosliolscl
442 3156 489 3213 ier
508 3156 635 3224 tantum,
658 3155 695 3211 01
716 3152 787 3212 dille
809 3157 862 3228 esi,
885 3156 916 3212 01
930 3153 1135 3214 cccccccccc

115 3245 244 3318 iculum,
267 3244 303 3301 ui
323 3243 395 3302 dille
410 3245 462 3318 esi,
486 3245 575 3318 atque
599 3260 667 3300 cum
690 3260 768 3317 puro
792 3244 822 3301 01
843 3241 921 3301 bono
944 3242 1013 3301 vino
1037 3243 1134 3302 000100

115 3341 145 3392 01
167 3333 212 3392 ita
233 3333 264 3390 in
288 3331 348 3391 ollc
371 3331 513 3407 dimissos,
542 3331 730 3406 usquedum
755 3349 891 3406 saporem
915 3347 1003 3390 suum
1025 3332 1134 3404 100001

115 3441 169 3498 per
191 3440 324 3498 pannum
346 3421 456 3481 0010100
477 3419 578 3480 bibere
600 3423 685 3496 poles
702 3422 732 3479 01
746 3420 865 3480 ieiunus
881 3423 911 3479 01
926 3437 1059 3495 pransus,
1084 3418 1134 3478 sed
1147 3427 1176 3473 35

116 3513 217 3570 tamon
238 3510 353 3570 modice
377 3513 408 3570 01
431 3510 564 3573 discrete.
612 3508 664 3568 Sei
687 3509 738 3568 clii
760 3507 893 3568 homines
916 3511 996 3583 sunl,
1027 3508 1134 3584 quiin

118 3599 253 3660 nubiloso
288 3603 318 3659 01
348 3599 473 3658 humide
509 3599 652 3674 temperie
691 3597 765 3658 ceris
803 3597 1019 3672 concipiuntur,
1058 3596 1134 3656 unde
