2668 3924
208 196 271 254 232
594 187 839 244 HILDEGARDIS

206 380 305 436 tamen
331 373 493 432 seeundum
524 376 636 433 reatem
663 372 905 432 consuetudinem
928 331 1029 446 ldetet
1051 375 1142 435 homo
1169 378 1227 438 ille

207 464 256 522 vix
278 463 399 524 evadere
421 466 521 538 potest
542 465 677 537 mortem,
708 462 842 538 quamvis
865 463 1038 523 melaneolia
1059 465 1091 523 in
1120 467 1222 543 nigre·

207 552 305 611 dinem
329 552 411 611 etin
434 552 602 611 ariditatem
625 551 783 628 egestionis
805 550 931 611 hominis
954 552 1104 614 defectum
1131 574 1224 615 suum

208 641 351 716 ostendat,
368 642 529 700 cumidem
544 642 632 700 homo
648 641 773 700 interius
788 638 975 717 aliquantum
990 643 1021 701 in
1036 643 1224 720 nigredinem
1330 669 1331 720 p

179 734 237 790 aet
265 731 297 789 in
330 731 498 790 ariditatem
527 749 582 806 per
611 729 815 788 melancoliam
845 749 947 790 versus
977 735 1093 792 rentum
1120 738 1224 795 tamen

207 821 335 880 ealorem
364 821 394 878 in
418 821 530 880 foetore
561 818 693 878 eiusdem
715 819 881 894 putredinis
904 820 1041 882 declaret.
1086 821 1117 882 Si
1147 842 1222 884 vero
1330 879 1331 890 ,

207 910 335 968 alienum
358 910 503 969 foetorem
531 928 548 966 a
571 908 807 968 consuetudinali
830 909 942 968 foetore
965 909 1062 982 habet,
1093 913 1223 972 mortale
1330 899 1331 956 l

207 1002 251 1058 est
280 999 411 1074 signum,
442 998 583 1074 quoniam
612 1000 710 1056 reatus
742 997 822 1056 ealor
852 998 979 1058 hominis
1009 1001 1041 1058 in
1073 1000 1224 1060 deiectum
1330 963 1331 1024 l

206 1088 373 1164 putredinis
394 1088 476 1146 illius
499 1086 669 1146 subtractus
692 1090 746 1146 est.

166 1191 194 1234 10
295 1178 343 1236 De
364 1194 513 1250 aquariam
528 1175 696 1234 diversitate
718 1180 746 1234 et
760 1176 939 1236 balneorum.
973 1177 1038 1236 Non
1054 1181 1154 1237 autem
1173 1185 1223 1240 est

206 1268 280 1326 utile
305 1258 377 1347 [nee]
401 1265 515 1324 homini
536 1265 706 1340 frequenter
727 1265 759 1322 in
782 1283 860 1340 aqua
875 1265 1020 1342 balneare,
1043 1268 1101 1326 nisi
1122 1288 1223 1328 maeer

207 1359 237 1414 et
263 1354 364 1414 aridus
391 1355 443 1433 rit,
474 1354 527 1430 qui
553 1354 641 1413 facile
663 1353 856 1431 infrigidatur
886 1357 916 1414 et
944 1357 1030 1415 faeils
1060 1358 1222 1435 inealeseit,

207 1444 289 1520 quod
315 1446 419 1504 tennes
447 1461 545 1502 earnes
574 1443 677 1515 habet;
712 1447 742 1502 et
771 1443 829 1502 iste
856 1444 887 1502 in
918 1464 997 1520 aqua
1027 1446 1153 1513 balneet,
1184 1452 1224 1507 ut

199 1533 394 1607 aliquantum
421 1533 547 1592 ealerem
581 1533 698 1608 torpori
725 1551 778 1592 euo
815 1533 954 1592 adhibeat
985 1538 1015 1593 et
1043 1538 1080 1595 ut
1109 1555 1222 1611 eorpus

167 1634 194 1680 15
207 1640 295 1680 suum
308 1621 466 1694 humectat.
504 1621 555 1682 Illi
570 1641 648 1695 vero,
671 1621 724 1697 qui
738 1623 863 1698 pingues
879 1641 979 1682 earnes
994 1624 1090 1696 habet,
1113 1624 1222 1685 balnea

92 1730 99 1746 a
207 1729 352 1786 aquarum
375 1711 493 1785 obsunt,
522 1710 604 1788 quod
633 1711 759 1770 interius
781 1710 870 1770 aelidi
893 1716 923 1770 et
944 1713 1060 1772 humidi
1083 1719 1165 1789 sunt,
1190 1721 1224 1775 et

205 1800 272 1860 ideo
295 1801 320 1858 si
343 1801 517 1877 corporibus
540 1801 602 1859 suis
629 1801 771 1858 maiorem
798 1801 926 1858 calorem
953 1805 983 1860 et
1009 1803 1221 1863 humiditatem

208 1890 330 1965 addunt,
354 1909 461 1966 eorpus
484 1909 586 1948 eorum
601 1889 731 1965 laedunt,
754 1889 812 1948 nisi
834 1890 912 1948 forte
933 1891 1080 1950 rarissime
1103 1893 1219 1953 balneis

206 1979 237 2036 in
260 1998 338 2055 aqua
359 1983 493 2054 utantur,
516 1981 553 2037 ut
573 1980 673 2038 lutum
695 1982 813 2038 tantum
837 1979 960 2038 abluant
982 1983 1013 2039 et
1028 1981 1087 2040 nito
1104 1989 1221 2046 exeant.

167 2079 194 2124 m
207 2067 312 2143 Aquae
331 2087 409 2144 vere,
434 2087 509 2144 quae
529 2068 622 2127 bonae
641 2070 711 2126 sunt
732 2068 959 2142 adpetendum,
982 2070 1075 2129 bonae
1091 2076 1162 2130 sunt
1180 2073 1221 2132 ad

206 2157 320 2229 balnea;
343 2157 394 2214 sed
416 2157 529 2216 modiee
545 2157 686 2226 calefiant,
711 2160 741 2215 et
756 2157 799 2215 ita
818 2157 907 2217 homo
930 2158 961 2216 in
984 2159 1026 2218 eis
1048 2159 1100 2218 diu
1115 2162 1220 2220 sedere

206 2247 312 2322 potest,
336 2247 362 2304 si
383 2247 458 2317 vult,
482 2247 622 2322 quoniam
644 2245 848 2304 infirmitatem
869 2247 982 2306 homini
1001 2267 1061 2307 non
1083 2249 1221 2310 inferunt

207 2334 257 2394 sed
279 2335 390 2394 bonum
412 2338 443 2394 et
464 2335 624 2411 pulchrum
647 2335 775 2395 colorem
791 2335 818 2394 ei
833 2335 912 2398 dant.
943 2337 1001 2396 Sed
1015 2357 1118 2413 aquae,
1141 2357 1222 2414 quae

207 2424 300 2483 malae
323 2427 393 2484 suut
420 2424 457 2482 ad
484 2424 660 2500 potandum,
692 2424 787 2482 malae
817 2429 888 2484 sunt
917 2427 1006 2485 etiam
1037 2426 1074 2485 ad
1105 2427 1221 2492 balnea.

166 2524 193 2570 25
208 2513 292 2584 Quod
315 2514 340 2572 si
362 2531 476 2572 neeesse
499 2513 598 2585 fuerit,
622 2515 659 2572 ut
681 2513 788 2589 aliquis
813 2513 916 2572 balnea
937 2515 969 2572 in
991 2516 1056 2575 istis
1080 2517 1218 2591 accipiat,

207 2603 325 2662 fortiter
348 2606 523 2678 coquantur,
545 2606 582 2661 ut
604 2603 690 2673 livor,
714 2603 766 2678 qui
789 2603 820 2662 in
843 2603 884 2662 eis
907 2606 958 2674 est,
982 2624 1036 2679 per
1053 2607 1220 2666 eoetionem

207 2693 372 2763 minuatur,
406 2695 436 2750 et
469 2692 553 2750 brevi
583 2691 655 2750 hora
683 2691 772 2750 homo
799 2693 831 2750 in
861 2693 902 2751 eis
934 2693 1045 2764 sedeat,
1077 2696 1222 2770 queniam

207 2799 293 2840 sanae
324 2800 383 2840 non
413 2783 492 2841 sunt.
544 2779 601 2839 Sed
633 2785 664 2839 et
695 2800 788 2856 equae
822 2781 995 2857 pluviarum
1032 2784 1223 2859 aliquantum

207 2887 286 2928 aeres
320 2873 351 2928 et
380 2872 483 2928 aeutaa
517 2873 598 2945 sunt,
634 2869 714 2946 quod
743 2869 835 2930 nubes
868 2874 897 2928 et
930 2890 980 2930 aer
1014 2873 1150 2947 pluviam
1183 2875 1222 2934 de

166 2970 194 3014 eo
207 2957 329 3017 diversis
354 2958 526 3017 fluminibus
553 2959 637 3018 bonis
669 2962 700 3018 et
726 2960 814 3018 malis
845 2964 875 3018 et
903 2960 939 3019 de
967 2962 1092 3020 humore
1123 2965 1222 3023 terrae

207 3065 325 3106 sursum
347 3047 478 3122 trahunt,
506 3051 536 3106 et
558 3048 624 3107 ideo
648 3067 734 3106 senae
756 3067 815 3107 non
838 3055 916 3114 sunt
960 3050 1000 3110 lit
1022 3070 1117 3127 aquae
1145 3053 1222 3112 istae

207 3155 260 3213 per
291 3155 387 3196 aerem
422 3137 504 3197 velut
533 3138 630 3197 lexiva
660 3157 714 3212 per
751 3138 878 3197 cinerem
914 3139 1108 3213 descendunt,
1141 3142 1221 3202 unde

208 3226 297 3285 etiem
319 3244 398 3286 aeres
426 3230 455 3285 et
478 3231 581 3286 acutae
604 3227 787 3299 efficiuntur;
807 3231 838 3286 et
861 3229 886 3287 si
901 3228 1047 3304 calefiunt,
1070 3229 1114 3288 ita
1138 3233 1221 3307 quod

206 3315 295 3375 hemo
317 3315 421 3374 balnea
442 3316 473 3374 in
497 3316 538 3375 eis
561 3317 691 3391 accipere
714 3317 788 3391 vult,
813 3317 946 3376 acumine
962 3337 1016 3377 sue
1039 3321 1138 3378 eutem
1157 3320 1223 3380 eius

166 3415 194 3460 35
207 3408 361 3464 transeunt
397 3408 427 3464 et
457 3424 525 3464 eum
557 3407 743 3482 aliquantum
778 3405 909 3470 laedunt.
964 3408 1069 3483 Aquae
1101 3428 1222 3485 quoque

206 3494 320 3553 nivium
343 3495 530 3574 aliquantum
553 3496 690 3554 turbidae
712 3501 791 3570 sunt,
815 3499 844 3555 et
867 3497 892 3554 si
917 3498 985 3572 quis
1008 3497 1097 3556 homo
1116 3499 1222 3558 balnea

206 3584 237 3642 in
258 3584 330 3660 ipsis
353 3585 473 3660 aceepit,
496 3585 589 3644 malos
612 3585 751 3644 humores
774 3588 804 3645 et
826 3585 955 3646 scabiem
979 3587 1046 3646 inde
1070 3587 1222 3648 sibilante
