2680 3938
216 143 256 199 22
601 131 847 188 HILDEGARDIS

215 339 308 396 aquae
335 320 433 379 omnia
460 319 588 397 colligit,
621 337 657 378 ne
686 319 836 394 deficiant,
868 319 948 394 quod
975 317 1084 377 humor
1111 317 1176 376 eius
1206 317 1244 376 in

214 408 350 468 omnibus
368 409 465 472 sudat.
496 409 630 486 Aquosas
647 426 765 486 quoque
779 407 915 467 volueres
932 427 1000 467 cum
1015 406 1110 467 calido
1128 407 1242 466 calore

213 517 267 558 auo
283 498 414 558 continet
428 501 459 558 et
472 500 575 574 pisces,
600 499 671 574 quia
689 499 720 556 in
740 497 805 572 ipsa
824 497 887 556 neti
903 500 1019 557 suntet
1035 496 1179 572 quoniam
1198 497 1242 554 de

212 588 287 646 flatu
301 587 365 646 eius
379 588 494 660 vivunt,
510 588 613 665 pascit.
640 586 697 646 Sed
713 589 743 647 et
758 587 875 662 bestiae,
892 587 1013 663 quaein
1028 587 1093 661 ipsa
1108 605 1239 644 manere

186 680 346 754 spossunt,
368 696 422 752 per
442 677 568 737 calorem
588 677 652 736 eius
672 677 787 752 durant,
811 693 845 734 ac
863 675 985 756 reptilia
1004 693 1058 751 per
1081 693 1241 750 aquosum

213 767 319 825 flatum
342 766 405 826 eius
428 767 576 842 spiramen
598 765 714 841 habent,
737 765 781 824 ita
802 765 883 840 quod
906 765 949 824 sic
971 765 1071 825 vivere
1093 768 1240 839 possunt.

213 855 278 914 Hoc
289 856 397 915 etenim
408 856 496 916 modo
509 875 576 915 cum
588 853 703 914 viribus
715 854 776 913 suis
792 853 891 913 omnia
905 854 1036 913 continet
1047 856 1078 912 et
1093 853 1238 913 sustinet.

279 946 327 1005 Dc
359 946 425 1020 lepte
459 949 485 1005 et
515 949 721 1004 creaturarum
750 941 955 1014 vivificatione.
1010 941 1096 1001 Nunc
1125 943 1236 1018 itaque

213 1052 281 1093 cum
302 1035 426 1094 verbum
450 1033 498 1092 dei
520 1034 551 1091 in
573 1032 721 1109 principio
745 1033 856 1107 sonuit,
885 1033 992 1109 globus
1021 1035 1235 1091 ereaturarum

173 1136 200 1182 10
213 1124 275 1182 sine
303 1124 371 1200 igne
402 1124 446 1204 et⁸
462 1123 591 1199 frigidus
618 1122 685 1181 fuit.
730 1121 770 1180 Et
792 1121 915 1196 spiritus
938 1121 1049 1180 domini
1074 1120 1234 1180 ferebatur

213 1231 301 1287 super
329 1230 432 1287 aquas,
464 1211 517 1287 qui
545 1212 623 1288 ignis
651 1214 681 1270 et
707 1211 770 1270 vita
793 1213 845 1270 est.
891 1210 975 1269 Tunc
998 1210 1077 1269 idem
1100 1210 1230 1286 spiritus

213 1301 373 1376 unicuique
396 1300 539 1360 formatae
563 1302 714 1360 creaturae
737 1301 830 1358 vitam
850 1300 1012 1358 secundum
1028 1318 1121 1376 genua
1137 1317 1231 1359 suum

212 1389 369 1464 inspiravit
401 1391 431 1448 et
461 1389 492 1448 in
522 1390 564 1448 eis
594 1391 694 1466 ignem
724 1388 905 1448 insufflando
939 1389 1084 1464 accendit,
1117 1389 1160 1447 ita
1192 1392 1231 1447 ut

212 1497 346 1554 quaeque
377 1482 512 1538 creatura
542 1479 641 1555 ignem
670 1481 700 1537 et
720 1478 815 1537 vitam
836 1477 997 1537 secundum
1020 1496 1114 1555 genus
1136 1496 1227 1536 suum

172 1581 199 1626 15
212 1568 243 1625 in
265 1585 295 1626 ee
317 1567 434 1628 habeat.
479 1565 562 1645 Opus
585 1571 684 1627 autem
707 1567 791 1633 verbi
813 1566 948 1626 viriditas
978 1571 1033 1640 est,
1064 1567 1115 1626 sed
1143 1567 1228 1626 nulla

212 1655 346 1716 viriditas
370 1660 452 1730 esset,
476 1658 501 1716 si
523 1657 590 1734 igne
614 1661 644 1716 et
666 1657 763 1716 calore
785 1674 844 1715 non
859 1660 1022 1730 teneretur3
1046 1658 1076 1715 et
1091 1675 1228 1732 quaeque

213 1748 348 1805 creatura
378 1747 440 1806 sine
472 1746 670 1805 consolatione
700 1744 884 1806 desolaretur
918 1748 948 1804 et
982 1745 1166 1806 divideretur
1197 1748 1227 1804 et

213 1836 338 1912 caderet,
362 1837 388 1895 si
409 1835 601 1894 fundamento
624 1835 727 1912 igneae
742 1835 821 1893 vitae
837 1833 960 1910 spiritus
976 1853 1034 1894 non
1048 1835 1226 1897 firmaretur.

279 1925 324 1984 De
359 1943 455 2004 aquae
489 1925 640 1984 labilitate.
699 1923 953 1994 Quemadmodum
986 1925 1065 1984 enim
1102 1925 1225 2000 spiritus

172 2024 200 2071 20
213 2013 326 2072 domini
356 2014 434 2090 ignis
465 2016 495 2072 et
524 2014 587 2073 vita
619 2016 674 2084 est,
707 2015 738 2072 et
763 2016 800 2072 ut
826 2013 906 2071 omni
934 2016 1084 2073 creaturae
1112 2031 1172 2072 esse
1195 2017 1225 2072 et

210 2103 304 2162 vitam
329 2103 419 2178 dedit,
444 2103 486 2161 sic
508 2121 586 2177 aqua
607 2102 639 2160 in
661 2102 727 2180 ipso
750 2101 850 2162 labilis
873 2104 925 2178 eet,
949 2103 1030 2178 quod
1053 2105 1224 2180 congregat,

211 2191 320 2250 retinet
342 2193 373 2251 et
394 2191 494 2250 firmat
517 2191 588 2250 alias
611 2194 772 2264 creaturas,
801 2195 832 2250 et
854 2192 969 2250 lubrica
992 2196 1022 2252 et
1043 2192 1158 2268 fragilis
1181 2195 1225 2251 est

212 2280 309 2338 multe
330 2280 480 2340 vivificans
503 2283 534 2338 et
555 2280 746 2340 mortificans.
792 2280 943 2351 Quaedam
966 2283 1056 2340 etiem
1078 2283 1110 2340 in
1133 2281 1224 2339 atiena

212 2370 351 2445 genitura
372 2370 404 2428 in
425 2388 456 2429 se
479 2371 571 2445 tenet,
604 2388 679 2445 quae
707 2389 797 2446 snper
819 2389 884 2429 eam
904 2370 993 2430 inniti
1015 2389 1075 2430 non
1097 2372 1222 2446 possent,

170 2469 198 2516 25
212 2459 282 2534 quia
309 2459 458 2531 caderent3
492 2461 522 2518 et
549 2457 621 2518 haec
647 2459 796 2518 interdum
824 2460 992 2520 mortificat.
1042 2459 1099 2519 Sed
1125 2463 1221 2520 tamen
1324 2523 1325 2544 ,

211 2552 241 2607 et
265 2566 374 2623 aquoso
398 2565 496 2618 cursu,
520 2566 579 2622 quo
603 2549 705 2621 currit,
728 2551 834 2608 ventus
858 2551 888 2608 et
909 2549 987 2625 ignis
1011 2551 1063 2612 est.
1324 2547 1325 2562 ³

278 2637 323 2696 De
346 2638 405 2696 sole
427 2641 454 2696 et
476 2637 563 2710 aquis
592 2638 663 2697 eice.
709 2637 815 2713 Aquae
846 2657 931 2714 vero,
964 2658 1039 2714 quae
1071 2639 1156 2714 quasi
1186 2638 1221 2696 ad

211 2725 342 2783 medium
367 2725 437 2785 solis
460 2729 539 2801 sunt,
563 2744 631 2785 cum
656 2728 701 2786 sol
723 2727 754 2786 in
777 2727 874 2786 medio
897 2727 1076 2788 firmamenti
1090 2727 1174 2788 vetut
1191 2728 1220 2786 in

215 2815 301 2873 corde
325 2815 387 2874 eius
412 2818 468 2889 est,
495 2833 633 2891 magnam
660 2817 827 2892 potentiam
850 2818 880 2876 et
902 2836 1044 2893 magnum
1067 2817 1219 2876 circuitum

170 2915 199 2960 30
213 2903 324 2962 habent
355 2906 385 2963 et
415 2904 451 2964 de
483 2905 578 2964 calore
605 2905 674 2964 solis
698 2906 807 2982 spissae
830 2904 918 2964 etde
942 2925 1007 2965 aere
1030 2907 1123 2965 fortes
1146 2909 1219 2967 sunt

211 2991 268 3051 Sed
291 2993 326 3052 de
348 2994 458 3053 fluente
481 2995 597 3070 impetu
619 3013 677 3054 uon
701 2997 906 3070 attenuantur,
934 2995 1004 3070 quia
1032 3014 1091 3054 non
1113 2995 1218 3068 fluunt3

210 3081 261 3140 sed
292 3086 391 3142 temen
421 3087 509 3143 vento
542 3087 682 3160 aguntur.
727 3083 779 3143 Sol
802 3102 920 3160 quoqne
943 3084 1095 3143 interdum
1116 3085 1218 3162 ignem,

210 3171 263 3246 qui
285 3172 317 3230 in
339 3172 423 3249 aquis
446 3176 499 3250 est,
528 3171 666 3245 attrahit3
696 3175 725 3230 et
747 3175 906 3247 tempestas
929 3177 1085 3232 ventorum
1108 3174 1217 3233 easdem
1324 3189 1325 3208 ¹

210 3279 301 3336 aquas
334 3262 365 3319 in
396 3263 511 3340 magnis
542 3262 630 3321 undis
660 3261 809 3321 interdum
840 3267 1001 3340 congregat
1033 3266 1070 3322 ut
1096 3263 1215 3335 flamma,

168 3358 197 3404 35
210 3368 285 3425 quae
316 3351 446 3427 aliquam
477 3370 541 3410 rem
570 3349 708 3412 incendit.
753 3350 793 3409 Et
819 3352 891 3411 tunc
923 3371 1000 3427 aqua
1027 3353 1160 3412 elevatur
1185 3359 1217 3411 ut

209 3440 300 3516 ignis,
331 3441 384 3516 qui
416 3441 557 3517 erigitur,
588 3441 619 3498 et
646 3457 724 3514 aque
750 3439 850 3516 ignem
878 3442 1025 3516 sequitur,
1056 3440 1214 3516 atque-hoc

210 3530 298 3589 modo
321 3530 406 3588 velut
428 3530 516 3588 colles
540 3531 570 3587 et
592 3528 707 3586 montes
731 3529 895 3605 eriguntur.
940 3529 998 3588 Sed
1026 3547 1095 3588 cum
1119 3530 1215 3590 deinde
