2662 3932
207 194 268 253 146
590 185 837 240 HlLDEGARDlS

204 372 315 431 tionem
337 390 406 431 mox
427 371 459 430 in
481 369 526 428 ira
549 369 706 446 quaesivit.
752 367 827 428 Nem
851 367 886 427 de
908 368 1034 428 tristitia
1047 369 1094 428 ira
1114 370 1229 444 oritur,

204 460 283 520 unde
307 460 397 519 etiam
420 459 556 536 aprime
580 461 700 535 parente
722 457 854 518 homines
876 457 1030 518 tristitiam
1053 460 1083 517 et
1097 459 1177 517 iram
1195 463 1229 518 et

206 567 341 626 quaeque
364 549 421 608 sibi
443 549 548 609 nocive
570 551 787 611 contraxerunt.
1172 567 1176 574 ·

271 639 317 698 De
339 637 463 700 tristitia
486 642 513 697 et
534 639 592 698 ira.
624 636 699 696 Cum
721 640 821 696 autem
844 629 941 695 anima
963 635 1091 696 hominis
1114 637 1173 696 sibi
1197 641 1231 696 at

177 727 323 803 scorpori
344 746 398 787 suo
422 727 537 804 aliquid
560 726 676 786 adversi
699 725 830 799 senserit,
853 744 904 784 cor
927 728 957 784 et
979 726 1062 785 iecur
1084 729 1114 786 et
1134 745 1230 786 venas

206 836 309 877 eorum
332 817 487 887 contrahit,
511 817 606 874 etita
628 816 705 875 circa
728 833 778 875 cor
800 815 884 875 velut
906 813 1014 873 nebula
1037 816 1174 893 exsurgit
1197 819 1230 875 et

206 925 257 966 cor
279 906 441 982 obnubilat,
465 907 495 965 et
517 904 669 964 sichomo
692 904 845 976 tristatum
875 907 944 979 post
970 904 1124 964 tristitiam
1152 923 1228 964 vero

206 996 251 1054 ira
284 995 425 1071 exsurgit.
486 991 562 1053 Nam
596 1012 665 1053 cum
697 994 849 1052 interdum
883 992 998 1068 aliquid
1032 993 1143 1054 viderit
1176 995 1230 1053 vel

206 1084 335 1144 audierit
365 1085 413 1143 rel
446 1082 638 1160 cogitaverit,
670 1082 705 1141 de
739 1101 799 1158 quo
831 1081 985 1141 tristitiam
1015 1081 1117 1157 habet,
1150 1086 1229 1142 tunc

167 1185 192 1230 ιο
207 1174 297 1233 ctiam
319 1173 479 1248 aliquando
503 1170 611 1230 nebule
633 1171 782 1244 tristitiae,
806 1191 882 1247 quae
906 1189 957 1230 eor
978 1169 1041 1231 cius
1058 1172 1228 1248 occupavit,

205 1262 334 1321 calidum
357 1263 475 1320 fumum
497 1262 528 1319 in
551 1259 687 1320 omnibus
708 1260 884 1321 humoribus
915 1263 945 1319 et
978 1260 1058 1320 circa
1088 1261 1131 1320 fel
1161 1261 1228 1320 eius

205 1355 291 1427 parat
313 1355 344 1410 et
365 1350 406 1409 fel
429 1354 538 1426 movet,
563 1353 594 1410 et
616 1349 658 1409 sic
679 1350 725 1409 ira
740 1349 776 1408 de
793 1348 992 1408 emoritudine
1009 1349 1087 1408 fellis
1103 1349 1227 1409 silenter

206 1440 348 1515 exsurgit.
391 1439 432 1500 Et
455 1457 524 1498 cum
545 1439 634 1498 homo
658 1439 734 1497 iram
756 1457 816 1498 non
838 1437 961 1514 perficit,
992 1437 1043 1497 sed
1068 1457 1138 1498 cum
1160 1458 1228 1498 eam

205 1529 326 1588 silenter
357 1529 474 1598 tolerat,
504 1529 545 1587 fel
575 1531 678 1588 cessat.
725 1527 812 1597 Quod
842 1527 867 1586 si
899 1527 945 1586 ira
975 1547 1034 1587 non
1058 1528 1228 1603 cessaverit,

165 1629 192 1676 15
205 1621 276 1677 tunc
299 1618 400 1677 fumus
423 1618 477 1677 iste
501 1617 538 1676 ad
560 1616 763 1676 melancoliam
786 1635 816 1676 se
835 1616 991 1675 extendens
1006 1616 1089 1676 illam
1105 1618 1225 1692 excitat,

206 1711 235 1766 et
257 1707 310 1766 illa
340 1707 375 1766 de
402 1725 432 1766 se
462 1707 652 1784 nigerrimam
679 1705 817 1764 nebulam
844 1706 964 1777 emittit,
1000 1724 1075 1782 quae
1109 1705 1148 1764 ari
1183 1705 1227 1765 fel

205 1796 347 1856 transiens
379 1796 414 1855 ab
443 1797 497 1856 illo
526 1789 741 1855 amarissimum
769 1795 886 1853 fumum
912 1796 1086 1871 extorquet,
1122 1798 1154 1854 et
1182 1794 1228 1854 ita

206 1905 273 1945 cum
297 1886 400 1944 eodem
422 1886 505 1944 fumo
528 1886 566 1945 ad
588 1885 741 1945 cerebrum
755 1883 885 1944 hominis
902 1883 1045 1943 transiens
1060 1880 1092 1916 *²¹¹
1108 1903 1178 1943 eum
1192 1885 1227 1942 iu

206 1975 302 2052 capite
324 1975 456 2051 primurn
477 1974 605 2034 insanire
627 1974 740 2050 pariter
761 1972 877 2032 faciunt
899 1976 930 2032 et
949 1976 1022 2033 tunc
1037 1973 1075 2031 ad
1090 1976 1227 2032 renuam

165 2076 193 2121 ἰο
207 2066 271 2124 eius
293 2063 475 2123 descendunt
497 2067 527 2123 et
548 2082 637 2122 venas
659 2063 741 2122 illius
765 2081 799 2122 ac
821 2062 965 2121 interiora
987 2061 1100 2121 ventris
1116 2081 1225 2122 concu-

206 2154 289 2211 tiunt
321 2155 351 2211 et
384 2152 534 2212 hominem
568 2152 652 2211 velut
685 2152 716 2209 in
751 2152 911 2210 amentiam
943 2143 1074 2211 vertunt.
1119 2151 1160 2210 Et
1182 2151 1226 2212 sic

206 2242 296 2301 homo
318 2242 403 2316 quasi
425 2260 455 2300 se
477 2241 577 2316 ipsum
599 2240 738 2316 ignorans
760 2241 836 2298 iram
862 2239 986 2316 perficit.
1028 2239 1105 2298 Nam
1136 2240 1226 2300 homo

207 2331 243 2391 de
265 2331 311 2388 ira
332 2331 426 2407 magis
449 2330 526 2389 furit
548 2349 637 2406 qnam
661 2329 697 2389 de
725 2329 783 2387 alia
805 2329 978 2388 infirmitate
1000 2329 1140 2393 insaniae.
1184 2330 1226 2388 Itt

206 2420 295 2480 homo
317 2420 491 2479 multotiens
524 2419 560 2478 eb
583 2419 629 2478 ira
652 2419 796 2494 quasdam
818 2437 923 2495 gravas
945 2417 1133 2478 infirmitates
1156 2436 1224 2478 con·

166 2521 194 2566 ‘25
207 2509 311 2585 trahit,
336 2509 414 2586 quod
438 2527 506 2568 cum
529 2508 669 2568 contrarii
690 2507 829 2566 humores
853 2507 889 2566 de
911 2508 980 2566 felle
1003 2511 1033 2566 ct
1055 2507 1091 2566 dc
1114 2509 1222 2566 melan·

207 2600 283 2659 colia
306 2599 422 2674 saepius
445 2599 476 2656 in
498 2598 615 2658 homine
638 2597 818 2672 excitentur,
847 2591 935 2654 illum
963 2595 1122 2672 aliquando
1146 2596 1223 2656 infir-

207 2708 290 2746 mum
329 2681 458 2762 laciurit,
501 2687 642 2763 quoniam
677 2687 702 2744 si
735 2685 824 2744 homo
859 2685 1056 2744 amaritudine
1088 2685 1168 2744 fellis
1195 2689 1224 2744 et

207 2777 360 2854 nigredine
383 2777 572 2835 melancoliae
595 2779 715 2852 careret,
738 2793 853 2850 semper
875 2792 964 2834 sanus
987 2778 1072 2836 esset.

281 2867 365 2926 Unde
385 2866 428 2938 fet
451 2870 479 2926 et
499 2863 676 2926 melancolia
699 2868 840 2925 eresccm.
876 2863 931 2922 Ille
947 2869 1048 2922 entem
1070 2862 1170 2938 homo,
1194 2864 1223 2922 in

167 2966 195 3012 30
211 2974 271 3032 qno
294 2954 335 3014 fel
368 2955 492 3014 maiores
522 2955 601 3014 vires
630 2953 720 3013 habet
750 2973 841 3029 qnam
872 2953 1056 3025 melancolia,
1085 2953 1169 3010 iram‘
1193 2951 1224 3010 in

208 3063 238 3104 se
261 3044 346 3102 facile
370 3044 486 3116 domat;
519 3043 550 3101 in
580 3062 641 3120 quo
674 3046 773 3101 autem
804 3041 976 3101 melancolia
998 3041 1124 3101 maiores
1148 3042 1223 3101 vires

207 3134 298 3192 hebet
312 3152 402 3209 quam
417 3133 467 3208 fel,
490 3133 650 3192 iracundus
665 3133 711 3191 est
726 3134 756 3190 et
771 3131 858 3190 facile
873 3131 1019 3192 irascitur.
1065 3131 1105 3190 Et
1121 3149 1221 3206 qnem-

209 3222 369 3282 admodum
400 3225 516 3281 sectum
545 3223 624 3281 forte
647 3224 677 3280 et
699 3219 838 3280 acerbum
861 3220 896 3278 de
919 3220 996 3279 bono
1018 3219 1089 3278 rino
1112 3219 1161 3291 fit,
1183 3219 1223 3278 sic

209 3312 299 3371 etiam
321 3312 362 3370 fel
385 3312 420 3370 ‹le
442 3311 526 3370 bonis
550 3314 579 3369 et
606 3309 747 3369 suavibus
776 3311 846 3370 escis
878 3309 981 3368 crescit
1013 3314 1044 3368 ct
1073 3308 1109 3368 de
1139 3308 1223 3366 malis

167 3413 195 3457 35
210 3401 362 3473 decrescit3
384 3400 558 3460 melancolia
579 3401 679 3458 autem
701 3398 737 3458 de
760 3398 844 3458 bonis
866 3402 896 3456 et
918 3397 1058 3457 suavibus
1081 3396 1155 3456 cibis
1179 3397 1223 3456 de·

211 3489 322 3565 erescit,
347 3490 383 3548 de
406 3489 491 3548 malis
513 3507 584 3548 vero
608 3490 638 3547 et
661 3489 696 3546 de
719 3487 826 3546 amaris
850 3489 880 3544 et
902 3486 937 3544 de
960 3486 1120 3546 immundis
1144 3487 1223 3545 etde

209 3580 284 3638 male
316 3581 426 3655 paratis
457 3578 530 3637 cibis
561 3582 591 3636 et
622 3577 658 3636 de
690 3575 814 3636 diversis
841 3575 1017 3634 humoribus
1040 3574 1222 3634 diversarum
