2662 3932
355 202 522 259 ‘CAUSAE
540 203 587 258 ΕΤ
607 202 730 258 cuasa
748 203 815 258 LlB.
835 203 869 257 II.
1073 209 1138 268 143

95 354 274 448 horribiles
300 389 414 449 sonitus
441 389 595 463 emittunt,
632 407 686 464 per
713 407 788 465 quos
814 387 983 447 hominibus
1011 391 1139 448 terrores

95 477 280 554 incutiunt,
312 479 355 536 ita
388 477 470 554 quod
499 478 634 537 exterriti
663 482 837 554 pavescunt.
886 476 943 536 Sed
970 480 1070 537 tamen
1097 476 1140 535 ibi

95 567 242 642 pleniter
268 586 326 627 non
349 571 426 639 sunt,
450 567 502 626 sed
524 568 556 626 in
578 567 739 651 novissimo
764 567 812 626 die
834 569 913 626 totas
928 567 1057 626 virtutes
1072 585 1140 626 suas

95 657 128 715 in
153 655 357 732 plenitudine
384 657 554 731 ostendunt,
587 675 654 715 cnm
684 657 783 715 omnia
812 660 928 716 terrena
956 657 1139 716 concutiunt.

169 745 224 805 Dc
241 747 378 808 somniis.
407 746 455 804 Ita
471 748 501 804 et
517 745 652 804 diabolus
668 747 747 821 facit,
766 763 833 804 cum
849 745 935 821 quasi
950 745 981 802 in
996 745 1139 804 nebuloso
1154 751 1168 796 ⁵

95 833 234 893 turbine
253 848 284 894 se
301 835 436 894 ostendit
450 838 480 893 et
495 834 645 894 hominem
660 838 722 894 tam
742 835 795 892 diu
809 837 938 910 torquet,
959 852 1053 909 usque
1070 834 1142 892 dum

95 924 207 982 anima
240 924 306 983 eins
338 925 375 981 de
405 923 563 1000 prophetia
596 926 778 984 somniorum
811 923 849 982 ad
876 941 907 982 se
928 923 1090 982 revertitur
1112 926 1143 982 et

4 1073 5 1088 ,
96 1014 268 1072 excutitur
299 1013 443 1087 nesciens,
472 1013 545 1088 quid
579 1015 702 1073 terroris
728 1031 814 1089 passa
836 1013 884 1076 sit.
931 1012 986 1072 Isti
1013 1016 1142 1071 terrores

4 1097 5 1120 ³
96 1102 195 1160 facile
224 1101 365 1162 omnibus
386 1101 560 1161 hominibus
584 1104 730 1179 accidunt,
746 1121 814 1161 cum
837 1102 996 1176 dormiunt,
1013 1101 1142 1176 exceptis

98 1191 181 1266 illis,
220 1191 278 1268 qui
301 1190 387 1250 valde
415 1209 537 1250 securae
567 1195 597 1250 et
619 1193 705 1251 valde
733 1193 826 1250 laetae
853 1194 976 1250 naturae
1015 1194 1141 1262 (sunt).
1155 1195 1183 1240 10

3 1280 4 1284 ’
99 1279 142 1339 Et
162 1280 219 1340 his
238 1280 456 1339 dormientibus
474 1283 601 1340 terrores
617 1282 667 1340 isti
682 1299 750 1340 raro
767 1281 915 1356 eveniunt,
940 1280 1011 1355 quia
1035 1297 1143 1356 magna

101 1373 134 1428 et
158 1369 295 1429 honesta
316 1369 441 1444 laetitia,
476 1389 566 1446 quam
596 1369 705 1429 habent
735 1370 913 1430 naturaliter
944 1370 975 1428 in
1007 1387 1050 1437 se,
1083 1387 1142 1428 non

3 1499 4 1527 ,
100 1461 214 1534 potest
246 1477 307 1518 esse
333 1458 443 1534 absque
473 1462 566 1536 gustu
593 1459 664 1518 boni
690 1460 826 1535 spiritus,
859 1462 889 1518 et
915 1459 974 1534 ipsi
996 1458 1084 1517 etiam
1107 1477 1142 1517 ex

102 1551 224 1606 natura
257 1567 312 1618 sua
346 1549 492 1607 mansueti
523 1551 593 1608 sunt
625 1551 655 1608 et
685 1568 744 1607 non
766 1548 886 1608 fallaces
910 1566 962 1607 noc
990 1548 1084 1607 dolosi
1111 1548 1141 1606 in

101 1637 249 1697 moribus
273 1636 344 1696 suis.
1153 1640 1180 1688 ¹⁵

177 1727 227 1786 Dc
268 1727 476 1798 complexione.
533 1725 591 1785 Sed
637 1727 689 1785 alii
733 1725 855 1802 quidam
891 1726 1024 1784 homines
1060 1729 1141 1800 sunt,

106 1815 179 1890 [qui
209 1815 367 1892 sanguinei
399 1814 566 1894 dicuntur,]
598 1817 629 1873 in
654 1835 783 1891 quorum
806 1816 948 1892 sanguine
970 1814 1143 1873 melancolia

105 1903 292 1963 multotiens
314 1905 426 1982 surgit,
466 1923 540 1981 quae
563 1906 738 1982 sanguinem
759 1906 846 1964 illum
869 1904 988 1981 nigrum
1015 1903 1085 1962 facit
1113 1913 1143 1961 et

107 2012 191 2068 quae
216 2012 332 2069 aquam,
362 2012 439 2069 quae
462 1996 492 2052 in
516 1995 569 2053 illo
593 2000 644 2069 est,
668 1995 782 2054 aridam
804 1996 902 2071 parat,
931 1995 974 2051 ita
1003 1992 1082 2069 quod
1105 2011 1140 2050 ex

106 2083 168 2142 hoc
195 2082 328 2142 homines
350 2087 412 2142 tam
444 2083 602 2160 vigilantes
634 2104 725 2160 quam
754 2083 930 2143 dormientes
958 2101 1044 2157 saepe
1071 2099 1138 2158 gra·
1153 2087 1181 2132 20

108 2172 196 2232 viter
217 2172 392 2248 fatigentur.

182 2261 230 2320 Dc
252 2261 337 2320 Adae
361 2279 434 2322 cusa
457 2265 484 2320 et
505 2262 690 2322 melancolia.
727 2260 804 2320 Nam
827 2281 895 2321 cum
910 2261 1005 2319 Adam
1029 2261 1140 2320 bonum

110 2351 205 2409 scivit
227 2352 257 2409 et
278 2369 402 2425 pomum
425 2350 602 2410 comedendo
630 2351 742 2409 malum
771 2352 854 2424 facit,
882 2352 913 2409 in
940 2349 1140 2409 vicissitudine

111 2438 292 2499 mutationis
330 2439 414 2498 illius
451 2431 623 2500 melancolia
656 2441 687 2498 in
723 2459 756 2498 ec
789 2440 929 2512 surrexit,
968 2457 1044 2514 quae
1078 2438 1140 2496 sine

114 2529 310 2606 suggestione
334 2529 445 2588 diaboli
468 2547 527 2588 non
550 2532 594 2588 est
617 2529 648 2587 in
671 2529 871 2589 hominatum
888 2529 1032 2605 vigilante
1049 2545 1139 2602 quam
1152 2533 1181 2579 25

114 2616 297 2693 dormiente,
329 2618 399 2693 quia
429 2618 553 2678 tristitia
585 2621 615 2677 et
647 2617 813 2694 desperatio
843 2638 886 2700 er¹
900 2617 1073 2676 melancolia
1096 2634 1139 2675 as·

114 2707 262 2782 cendunt,
295 2726 369 2782 quas
396 2707 492 2765 Adam
515 2707 546 2766 in
573 2707 806 2784 transgressione
829 2726 883 2766 sua
905 2705 1018 2766 habuit.
1066 2703 1142 2764 Cum

115 2796 198 2856 enim
221 2795 317 2854 Adam
340 2796 475 2856 divinum
496 2799 688 2872 praeceptum
711 2797 930 2872 praevaricatus
954 2799 1007 2870 est,
1030 2795 1140 2870 inipso

115 2887 268 2945 momento
291 2885 464 2944 melancolia
495 2886 527 2943 in
557 2886 700 2962 sanguine
734 2885 798 2946 eius
826 2886 984 2963 coagulata
1014 2888 1071 2955 est,
1105 2887 1141 2943 ut

116 2973 257 3051 splendor
288 2975 413 3046 recedit,
446 2993 513 3033 cum
543 2975 646 3034 lumen
675 2975 873 3053 extinguitur,
904 2978 934 3033 et
964 2977 1000 3032 ut
1030 2975 1181 3049 stuppam

117 3063 223 3122 ardens
251 3067 280 3122 et
302 3064 452 3141 fumigans
474 3064 612 3123 foetendo
635 3068 775 3124 remanet.
821 3063 861 3123 Et
888 3064 929 3123 sic
955 3063 1069 3122 factum
1097 3067 1142 3121 est

115 3153 148 3212 in
171 3153 280 3228 Adam,
304 3154 374 3228 qnia
397 3172 465 3212 cum
481 3152 618 3229 splendor
633 3153 664 3211 in
680 3172 714 3211 so
731 3153 876 3212 extinctus
892 3156 944 3217 est.
968 3152 1141 3211 melancolia

117 3243 149 3302 in
175 3243 319 3320 sanguine
351 3243 414 3301 eius
444 3242 601 3319 coagulata
628 3244 684 3314 est,
717 3243 753 3301 de
782 3261 841 3318 qua
868 3242 994 3301 tristitia
1021 3245 1051 3300 et
1079 3241 1141 3300 des·

118 3332 235 3407 peratio
257 3332 289 3390 in
312 3351 346 3392 eo
369 3335 569 3404 surrexerunt,
594 3333 734 3407 quoniam
758 3331 893 3391 diabolus
916 3331 947 3388 in
970 3349 1042 3390 casu
1057 3329 1140 3388 Adae

119 3421 322 3480 melancoliam
353 3421 385 3478 in
415 3421 479 3496 ipso
511 3422 661 3496 conflavit,
695 3439 770 3496 quae
800 3421 948 3479 hominem
980 3419 1139 3494 aliquando
1154 3425 1181 3470 85

119 3509 245 3570 dubium
273 3514 303 3569 et
330 3510 515 3568 incredulum
544 3513 639 3586 parat.
686 3509 742 3568 Sed
771 3509 853 3584 quod
883 3508 980 3568 forma
1010 3508 1139 3566 hominis

120 3600 213 3678 ligata
235 3601 288 3675 est,
311 3599 355 3656 ita
377 3598 458 3674 quod
480 3618 511 3658 se
534 3618 653 3658 sursum
676 3617 767 3674 supra
788 3598 911 3658 modum
939 3597 1052 3656 elevare
1079 3615 1137 3656 non

1165 3845 1308 3900 —k
