2680 3938
362 197 506 254 CAUSAE
524 198 572 254 ET
591 198 712 256 CURAE
730 200 797 257 affl.
816 200 836 255 Ι.
1070 203 1110 268 17

16 377 18 408 ³
72 387 120 444 et
156 384 190 443 in
226 383 425 460 prosperitate
458 382 557 446 habet.
617 384 657 443 Et
689 385 924 446 humectationas
957 385 1110 446 hominum

16 463 19 498 ⁷
72 473 257 534 secundum
280 475 372 533 solam
394 474 492 536 notari
514 493 573 534 non
596 473 711 551 debant,
734 477 770 533 ut
793 475 830 534 ab
850 494 884 534 ao
900 479 1110 552 temperentur,

16 555 20 590 ²
73 562 175 640 quod
197 562 261 639 ipse
285 561 316 621 in
343 581 403 622 uno
437 565 520 622 statu
549 565 620 634 stat,
653 563 696 622 ita
727 562 808 639 quod
839 583 892 624 neo
924 566 1028 624 crescit
1059 584 1112 626 nec

16 641 20 678 ³
75 653 248 724 decrescit
290 669 344 710 neo
383 651 472 710 etiam
510 652 673 712 seeundum
710 653 811 712 stollas
848 653 994 713 notandae
1032 656 1111 726 sunt,

16 761 20 770 ·
75 740 233 818 quoniam
265 740 369 800 stellae
401 759 460 800 non
492 740 653 801 secundum
687 759 717 800 ac
751 741 829 817 ipsas
863 741 915 802 sed
948 743 1138 802 secunduma

16 825 20 859 '¹
74 833 195 890 lunam
216 831 342 903 faciunt;
370 849 423 888 nec
445 830 607 890 secundum
629 833 764 907 tempora
786 831 867 907 anni,
893 833 1036 912 quoniam
1058 833 1111 892 illa

16 913 23 950 ³
77 921 126 980 de
151 920 224 978 luna
246 921 465 995 temperantur3
493 939 547 979 neo
568 919 732 980 secundum
755 939 858 978 auram
885 921 973 996 aeris,
1000 922 1110 982 scilieet

76 1009 213 1084 pluviae
229 1011 283 1068 aut
299 1008 439 1069 siccitatis
454 1007 561 1068 hiemis
576 1011 629 1068 aut
644 1009 773 1086 aestatis,
789 1009 860 1085 quia
874 1010 938 1086 ipsa
950 1011 1111 1069 secundum

16 1093 23 1130 ²
77 1100 194 1157 lunam
218 1097 343 1159 faciunt.
376 1095 452 1156 Nam
476 1099 574 1157 omnia
597 1097 758 1158 secundum
780 1099 883 1158 lunam
897 1102 1110 1175 temperantur,
1177 1115 1179 1121 ·

16 1181 24 1218 ³
78 1187 234 1263 quoniam
257 1187 310 1245 illa
333 1190 428 1246 mater
450 1187 583 1246 omnium
605 1195 773 1262 temporum
796 1192 848 1261 est,
876 1188 969 1264 qnod,
998 1191 1035 1247 ut
1056 1189 1111 1248 filii
1125 1196 1152 1242 10

16 1271 22 1309 ²
77 1275 195 1336 matris
211 1274 248 1335 de
263 1278 358 1335 matra
372 1280 575 1352 numerantur,
592 1277 636 1336 ita
653 1277 752 1336 omnia
765 1279 901 1354 tempora
916 1281 1112 1337 numerantur

16 1363 24 1400 ³
79 1367 125 1425 de
150 1365 231 1427 luna.
277 1365 339 1424 Aer
362 1364 452 1424 ctiam
474 1368 505 1425 et
528 1366 630 1425 stallae
653 1365 811 1442 aliquando
840 1386 929 1443 opera
957 1367 1111 1426 hominum

16 1451 23 1488 ³
79 1454 271 1530 suscipiunt,
305 1457 335 1514 et
358 1454 518 1514 secandum
540 1455 612 1515 haec
634 1455 784 1514 interdum
807 1456 906 1516 divino
928 1457 1040 1517 iudicio
1064 1476 1110 1516 ex-

16 1541 25 1578 Ξ
79 1543 257 1604 tenduntnr
288 1546 319 1603 et
345 1562 376 1603 se
399 1547 580 1620 componunt
608 1547 637 1604 et
659 1562 762 1603 auram
785 1545 936 1606 emittunt.
981 1545 1111 1606 Etcum

16 1635 25 1669 ἶ·-
83 1633 129 1692 ad
159 1632 233 1692 haec
261 1633 431 1710 eriguntur,
463 1633 535 1692 luna
561 1633 663 1692 exinde
695 1637 842 1695 movetur.
886 1635 1151 1695 aesceneduno

16 1722 26 1757 ‘-
83 1723 145 1781 illa
179 1721 241 1781 dias
272 1722 335 1782 eius
366 1725 454 1782 emant
476 1724 529 1781 aut
551 1723 581 1781 in
609 1723 740 1798 puritate
768 1727 798 1782 et
830 1724 964 1784 claritate
997 1729 1050 1784 aut
1079 1726 1111 1784 in

16 1823 26 1847 f
85 1812 281 1886 tempestate.
309 1810 350 1870 Et
372 1812 437 1871 ideo
460 1813 532 1870 luna
553 1812 657 1872 multia
679 1812 819 1888 periculis
842 1814 872 1871 et
886 1813 1111 1889 tempestatibus

16 1902 29 1938 ³
87 1900 284 1976 opprimitur,
309 1900 558 1976 quemadmodum
580 1902 668 1960 etiam
691 1905 786 1961 mater
808 1902 904 1961 mulia
926 1903 1058 1978 pericula
1081 1907 1110 1961 at

86 1990 233 2051 tristitias
262 1991 293 2048 in
320 1991 459 2066 genitura
491 1994 632 2050 natorum
659 2009 782 2049 suorum
804 1991 937 2050 sustinet.
982 1991 1022 2050 Et
1043 1991 1110 2051 ideo

16 2083 22 2092 ’
88 2085 228 2155 tempora
250 2079 338 2138 lunae
361 2098 432 2138 sana
454 2083 484 2138 et
505 2098 566 2138 non
593 2098 662 2139 sana
689 2083 760 2140 sunt
791 2083 821 2138 at
848 2081 967 2139 matura
994 2083 1024 2140 et
1050 2100 1110 2140 non
1123 2087 1151 2134 20

88 2171 220 2229 matura.
264 2167 296 2227 Si
324 2169 403 2228 anim
429 2169 518 2228 homo
545 2169 588 2228 ita
610 2169 727 2244 iaceret,
755 2171 791 2228 ut
813 2169 928 2245 positus
950 2172 1006 2244 est,
1038 2173 1111 2230 tnnc

16 2257 30 2298 ⁶
90 2259 183 2318 etiam
208 2258 306 2316 omnia
326 2260 461 2333 tempora
476 2261 507 2317 at
522 2276 610 2316 aurae
624 2259 655 2316 in
671 2257 855 2334 temporibus
870 2259 931 2318 suis
947 2259 1110 2335 aequaliter

90 2348 239 2422 facerent,
269 2347 381 2406 scilicet
409 2345 465 2405 hoc
491 2365 582 2406 vomo
610 2348 744 2423 tempore
771 2350 808 2406 ut
834 2349 995 2424 praeterito
1017 2367 1109 2409 verno

90 2441 237 2512 tempore,
260 2436 344 2496 etin
367 2436 423 2496 hac
446 2438 554 2496 aestate
577 2438 613 2495 ut
635 2437 667 2495 in
689 2437 851 2512 praeterita
874 2441 992 2514 aestate,
1015 2441 1046 2497 et
1068 2439 1110 2498 sic

21 2527 26 2534 '
91 2526 128 2584 da
151 2525 267 2586 cetaria.
313 2523 388 2585 Cum
411 2527 511 2584 autem
533 2525 620 2584 homo
644 2528 674 2585 at
697 2526 833 2585 timorem
856 2529 887 2585 et
908 2545 1038 2586 amorem
1061 2527 1108 2586 dei
1122 2533 1150 2580 25

90 2634 146 2690 par
168 2612 399 2674 inobedientiam
413 2614 551 2686 transilit,
574 2616 646 2674 tunc
661 2614 760 2674 omnia
775 2617 918 2674 elementa
932 2619 963 2675 ct
977 2618 1111 2691 tempora

92 2705 162 2762 iura
179 2721 233 2762 sua
250 2703 530 2780 supergrediuntur3
545 2704 629 2763 velut
641 2704 751 2763 viscera
762 2704 793 2762 in
804 2703 934 2777 homine;
948 2705 1027 2781 quia,
1042 2723 1109 2764 cum

16 2793 29 2835 ”⁵
92 2793 182 2851 bomo
204 2793 328 2852 modum
351 2810 438 2852 suum
461 2792 588 2869 excedit,
618 2793 731 2852 viscera
753 2793 816 2852 eiua
840 2813 909 2852 eum
932 2797 1109 2870 sequentum

16 2884 30 2925 t
93 2886 125 2940 et
155 2898 223 2939 cum
252 2882 338 2941 malis
367 2881 505 2957 operibus
527 2882 674 2942 iustitiam
696 2883 885 2959 supergredit
904 2923 934 2955 κ,
965 2883 1056 2942 solam
1079 2886 1110 2943 et

16 2974 30 3015 ³
92 2972 196 3028 lunam
225 2973 369 3048 aggravat
396 2974 426 3030 et
458 2971 625 3043 obnubilet,
657 2972 700 3030 ita
727 2975 763 3030 ut
790 2972 952 3032 secundum
982 2991 1051 3031 eum
1073 2973 1105 3031 in
1121 2981 1149 3027 30

16 3065 30 3104 t·
93 3059 325 3136 tempestatibus,
348 3061 379 3118 in
401 3060 512 3136 pluviis
533 3065 563 3120 et
585 3061 616 3118 in
639 3061 770 3120 siccitate
793 3061 916 3122 faciunt.
946 3060 1022 3120 Nam
1045 3064 1103 3121 sto-

16 3153 30 3193 ffl
92 3148 216 3209 machus
239 3150 270 3207 et
292 3149 388 3209 vesica
409 3149 537 3208 hominis
553 3150 719 3226 suscipiunt
739 3151 846 3226 omnia,
871 3149 979 3227 quibus
1002 3168 1109 3226 corpus

16 3243 31 3284 a
93 3239 157 3298 eius
184 3238 327 3300 nutritur.
374 3238 413 3298 Et
443 3257 510 3298 oum
537 3239 609 3298 haec
637 3238 696 3298 duo
725 3239 805 3299 eibos
834 3242 863 3299 at
890 3243 980 3315 potus
1007 3258 1108 3316 super·

16 3317 30 3372 ’ω
92 3327 152 3386 flue
167 3327 341 3403 suscipiunt,
352 3331 540 3403 tempestates
556 3329 702 3387 malorum
718 3328 878 3387 humorum
894 3329 975 3388 omni
990 3329 1109 3405 corpori

93 3416 234 3492 inferunt,
258 3417 337 3476 sicut
359 3417 449 3476 etiam
471 3418 614 3476 elementa
637 3418 798 3476 secundum
820 3417 970 3477 hominem
985 3418 1108 3479 faciunt.
1122 3427 1149 3472 3⁵

16 3495 29 3550 i·
94 3503 192 3564 Homo
216 3506 294 3564 enim
321 3508 486 3581 temperato
515 3509 647 3582 tempora
676 3507 780 3566 caloris
810 3509 840 3565 et
867 3506 988 3583 frigoris
1011 3525 1109 3565 samen

16 3585 29 3641 't
96 3611 182 3652 suum
205 3595 343 3670 seminat,
376 3599 406 3654 et
432 3594 508 3653 illud
530 3595 562 3653 in
588 3594 704 3654 fructus
732 3594 837 3672 surgit.
882 3595 922 3653 ct
945 3595 1011 3670 quis
1035 3596 1110 3653 esset

148 3701 305 3760 Hildegardts
319 3713 407 3748 causae
421 3705 446 3748 at
460 3713 532 3748 curae
546 3702 583 3747 ad.
597 3701 711 3748 Kaisar.
966 3694 983 3746 2
